3226 5028
255 415 316 478 108
723 413 977 481 Ennomus.

338 583 423 650 Sunt
438 583 473 649 in
488 585 698 652 eo-fuerent
713 587 975 653 oerte-delubre
990 585 1136 653 Dinnee:

378 687 490 756 Aureo
504 689 672 757 burburioe
686 694 752 758 stet
766 693 827 758 dee
838 692 923 758 feote
938 713 1047 758 menn.

336 799 462 881 Nosoie,
479 822 522 866 en
537 802 727 868 exoiderunt
741 825 868 870 meeum
882 803 953 869 loou
965 803 981 869 P
1003 801 1164 872 Venimus
1178 801 1275 868 illuo:

379 908 478 975 Orsus
492 933 526 976 ee
540 911 640 977 infido
656 913 700 978 sio
714 913 802 999 prior
817 935 870 979 ore
884 912 974 1000 loqui
986 935 994 978 :

337 1018 416 1086 ‘Ius
430 1020 491 1087 tibi
506 1025 539 1087 et
553 1020 722 1088 arbitrium
736 1027 864 1090 nostrae
878 1023 1009 1089 fortune
1023 1023 1137 1090 salutis

379 1129 538 1212 Tradidit,
554 1132 653 1219 inque
667 1137 726 1200 tue
740 1138 789 1200 est
802 1135 933 1221 viteque
944 1157 1093 1221 morsque
1106 1157 1216 1200 manu.

278 1259 281 1264 ·
333 1240 472 1306 Perdere
486 1263 578 1327 posse
589 1246 639 1308 sei
653 1247 711 1323 est,
728 1243 852 1330 siquem
867 1245 958 1312 iuvet
973 1245 1044 1331 ipse
1059 1249 1201 1332 potestus
1218 1267 1225 1309 ε

377 1350 442 1417 Sed
456 1350 518 1416 eibi
534 1357 678 1419 servatus
692 1354 797 1441 glorie
810 1354 915 1421 maior
928 1377 994 1422 ero.

334 1461 399 1528 Per
411 1461 498 1528 melu
513 1467 625 1529 nostre
638 1486 757 1550 proeor,
774 1487 911 1552 quorum
925 1470 1016 1551 potes
1031 1487 1099 1531 esse
1113 1465 1271 1541 levamen,

375 1571 440 1638 Per
454 1594 558 1659 genus
573 1579 606 1639 et
620 1597 741 1641 numen
756 1579 872 1642 ounote
885 1576 1026 1643 videntis
1041 1576 1104 1656 evi,

332 1682 397 1749 Per
410 1683 551 1769 triplices
565 1685 677 1751 vultus
691 1707 869 1773 eroeneqne
883 1709 972 1753 suoru
986 1687 1123 1768 Dianae,

373 1794 421 1860 Ee
435 1794 463 1861 si
476 1796 558 1862 forte
568 1797 691 1884 sliquos
705 1821 786 1885 gene
799 1798 898 1864 hebed
911 1799 975 1864 iste
991 1800 1077 1878 deos,
1136 1809 1138 1812 ’

331 1905 359 1972 Ο
375 1905 477 1992 virge,
493 1906 643 1973 miserere
658 1908 732 1989 mei,
747 1909 896 1973 miserere
912 1930 1058 1974 meorum
1076 1930 1084 1971 :

372 2015 474 2082 Effioe
488 2039 540 2082 me
554 2016 678 2083 meritis
692 2022 820 2105 tempus
834 2020 870 2085 in
885 2040 980 2085 omne
1001 2017 1115 2084 tuuml

329 2127 426 2200 Quod
440 2127 467 2192 si
478 2127 559 2193 forte
573 2128 680 2194 virum
694 2151 760 2195 non
775 2130 951 2216 dedignere
962 2128 1182 2215 Pelasgum-

369 2237 435 2304 Sed
447 2238 530 2304 mihi
543 2242 612 2304 tem
625 2235 734 2305 feoiles
748 2241 835 2306 unde
853 2261 1003 2326 meosque
1018 2242 1094 2306 deos
1106 2240 1168 2304 ‘r'-

328 2348 469 2435 Spiritus
483 2354 559 2415 ante
574 2371 666 2417 meus
680 2355 793 2418 tenues
807 2356 958 2418 vanesoet
972 2350 1008 2416 in
1031 2371 1136 2430 ernas,

371 2458 479 2530 Quem
493 2459 648 2542 thelame,
663 2462 727 2527 nisi
741 2466 789 2543 tu,
812 2465 917 2548 nuptu
938 2461 981 2527 sit
996 2462 1065 2527 ulle
1078 2481 1167 2526 meo:

329 2567 464 2635 Oonsoie
479 2570 521 2635 sit
535 2570 632 2653 Iuno,
648 2571 744 2638 enoris
758 2572 920 2658 praesento
934 2571 1070 2652 meritis,

290 2767 329 2814 69.
347 2761 390 2812 Ito
400 2760 447 2810 PG
459 2761 610 2822 fierentque
621 2761 665 2809 diu
675 2760 749 2811 multi
761 2762 829 2812 oodd
1303 2793 1305 2799 -

290 2830 330 2882 71.
347 2829 432 2877 Noreia
443 2825 473 2884 G,
486 2827 513 2875 in
525 2825 545 2872 P
556 2840 642 2875 rasura
652 2842 658 2875 ι
677 2829 759 2875 nostin
780 2826 858 2878 fuisse
874 2827 953 2876 eredit
969 2825 1058 2876 Heius
1091 2826 1175 2875 Nescio
1187 2839 1219 2874 cm
1230 2824 1358 2874 exciderint
1369 2823 1440 2874 oodd.

243 2892 362 2960 plurimi:
376 2893 500 2940 eciderunt
512 2888 543 2948 G,
554 2890 690 2938 exederant
701 2890 721 2938 P
732 2889 785 2940 sub.
797 2907 844 2941 ros.
856 2896 886 2940 ut
896 2891 1003 2941 ridetur.

290 2958 329 3032 Ὶῤ.
337 2958 576 3032 ‘Po-rumperem...
588 2955 640 3003 dest
649 2955 672 3003 si
681 2953 710 3013 P.
725 2961 763 3003 rot
777 2961 814 3004 ert
824 2955 878 3006 rell.
890 2956 960 3006 oodd.
994 2956 1064 3005 lueet
1073 2952 1094 3003 P
1102 2955 1171 3004 iuuat
1182 2953 1212 3004 G.
1245 2954 1305 3016 Ipsa
1322 2951 1379 3010 Pe.
1393 2953 1442 3001 ista

240 3021 461 3136 mfflgdssdrdditror
471 3084 533 3133 ende
542 3083 594 3131 deor
604 3081 634 3132 G.

273 3378 313 3424 69.
331 3374 437 3423 Delubra
444 3373 562 3437 Dianae]
580 3373 811 3438 Culledthetemple
861 3376 930 3440 (who
942 3375 956 3424 I
966 3370 1440 3436 hrowieyourindividuulputroness),

239 3438 269 3489 of
277 3438 379 3496 Hecate,
391 3438 475 3489 whose
486 3438 602 3500 priestoss
613 3439 705 3489 Medea
715 3456 774 3502 wne,
783 3441 811 3490 in
862 3441 911 3490 end
922 3440 973 3489 also
981 3440 1016 3504 by
1023 3439 1066 3488 the
1075 3445 1162 3501 petron
1171 3438 1258 3488 deities
1267 3436 1295 3487 of
1301 3452 1365 3501 your
1376 3451 1440 3499 roeo,

240 3502 454 3565 theArgoneutiee
465 3503 493 3552 of
501 3502 615 3565 Apollon.
627 3503 664 3553 rii.
676 3508 732 3553 915.
862 3504 954 3554 ifsuoh
965 3502 1035 3552 there
1049 3503 1097 3552 be!
1302 3563 1308 3576 .

273 3568 312 3620 75.
321 3568 421 3616 Perdere
427 3582 495 3627 posue
510 3573 548 3615 rat
567 3575 608 3626 eet,
627 3570 649 3616 ui
668 3584 735 3630 quem
752 3570 816 3618 iuvet
895 3572 935 3617 84.
953 3567 1021 3616 ‘But
1031 3567 1089 3616 how
1096 3564 1336 3629 shullIfindssdeitres
1345 3578 1372 3612 so
1383 3577 1438 3622 pro·

240 3629 427 3693 ipsemecum]
445 3630 498 3680 The
509 3630 643 3681 sentiment
658 3631 741 3682 ielike
752 3632 813 3682 Juv.
862 3630 956 3696 pitious
974 3632 1023 3681 end
1040 3631 1221 3681 furourebleto
1237 3629 1303 3678 meP'
1339 3625 1436 3702 ‘'Unde’

240 3713 266 3745 x.
279 3696 318 3756 96,
336 3695 385 3744 ‘nt
395 3695 440 3758 qni
450 3695 539 3745 nolunt
550 3696 658 3746 oeoidere
667 3712 815 3761 quemquem
862 3697 885 3745 ie
911 3696 980 3746 often
1006 3696 1067 3746 used
1095 3694 1158 3745 with
1184 3709 1215 3743 un
1244 3697 1392 3750 uoousunre,
1422 3706 1439 3740 a

242 3759 316 3810 Posse
326 3758 434 3810 volunt!
862 3759 923 3810 verb
941 3760 995 3808 like'
1014 3759 1162 3809 ‘inveniam’
1181 3756 1257 3821 being
1278 3755 1436 3806 understood.

274 3827 321 3874 78„
331 3821 405 3886 Aee]
431 3822 485 3873 The
507 3824 567 3879 Suu.
578 3823 660 3874 father
674 3823 704 3874 of
719 3823 815 3874 Aeetes.
863 3823 926 3872 Hor.
942 3823 993 3874 sat.
1014 3823 1052 3873 ΙΙ.
1065 3822 1109 3873 vii.
1124 3826 1180 3879 116,
1194 3820 1280 3872 ‘Unde
1293 3817 1436 3894 mihilnpi·

242 3889 351 3938 ‘Numen
365 3889 380 3937 :'
391 3903 431 3937 see
443 3891 501 3937 note
513 3904 546 3939 on
556 3888 593 3938 iii.
610 3890 662 3938 105.
864 3888 935 3938 dem?
953 3888 1077 3944 Quorsum
1088 3891 1127 3937 est
1137 3887 1217 3950 opus?
1233 3884 1306 3935 Unde
1316 3883 1438 3946 sagittus)

274 3956 313 4013 79,
326 3955 366 4001 80.
384 3951 509 4016 ‘Aliquos’
532 3953 663 4015 eooording
677 3955 704 4002 to
727 3950 815 4001 Ruhn·
864 3948 929 4001 Ibid.
952 3968 977 4003 r.
998 3955 1053 4010 102,
1082 3950 1171 4001 ‘Unde
1193 3949 1255 3999 mihi
1276 3954 1328 3998 tum
1346 3948 1437 3997 fortem

240 4017 289 4066 ken
305 4015 445 4065 ie=‘ulios
464 4018 542 4080 quos‚'
567 4020 632 4079 ‘uny
649 4016 720 4066 other
739 4017 816 4079 gode)
863 4021 964 4081 tumque
978 4014 1103 4066 fidelem?
1136 4015 1223 4064 Lnoen
1234 4013 1276 4063 vii.
1289 4015 1329 4074 28,
1348 4009 1437 4060 ‘Unde

241 4079 282 4130 He
294 4080 379 4130 olaims
399 4079 450 4129 this
468 4080 586 4144 meaning
596 4080 635 4130 for
653 4079 768 4142 ‘aliquid'
787 4079 815 4129 in
864 4095 934 4142 pares
967 4095 1065 4129 somnos
1083 4079 1190 4142 populis,
1214 4081 1360 4141 nootemque
1376 4075 1438 4124 bea·

240 4143 811 4202 Ter.Heaut.1.i.16.‘f0dereouterare
863 4143 944 4193 tom?
970 4143 1267 4206 ‘Meos'ieprediounire
1286 4162 1307 4183 =
1324 4144 1374 4189 ‘on
1391 4153 1436 4202 my

240 4213 285 4259 out
295 4207 389 4272 uliquid
399 4207 602 4272 feoero,'‘diggin
620 4207 813 4272 ‚orploughing‚
864 4207 934 4260 side)
968 4207 1094 4258 Ruhnken
1102 4212 1189 4284 quotes
1206 4205 1232 4255 ii.
1247 4201 1435 4280 126‚in·i11us-

239 4287 267 4321 or
278 4272 353 4336 doing
364 4271 503 4336 something
511 4273 577 4322 else?
602 4224 654 4322 dut
665 4272 780 4336 ‘aliquid’
793 4273 817 4323 is
863 4274 963 4334 tration,
985 4272 1032 4322 bnt
1042 4271 1074 4322 he
1084 4271 1202 4324 mutukes
1217 4273 1261 4322 the
1277 4281 1393 4331 meomng
1409 4265 1439 4318 os*

240 4337 309 4386 there
317 4335 408 4400 simply
422 4336 578 4400 ‘something
586 4353 613 4385 or
620 4335 707 4395 other,'
715 4337 764 4386 und
772 4336 815 4388 the
863 4335 906 4390 the
916 4337 990 4388 letter
999 4351 1110 4402 pneeogo.

241 4399 357 4464 meaning
371 4398 429 4450 here
443 4402 473 4461 ie,
484 4399 515 4450 ‘I
522 4400 625 4466 implore
635 4401 726 4466 youby
737 4401 816 4452 Dione
836 4467 840 4481 .
