3226 5028
430 437 499 501 ΕΡ.
524 436 628 504 VIII.
653 437 911 505 HERMIONE
934 435 1157 506 ORESTAE·
1352 442 1394 506 77

321 607 393 673 Nec
407 608 531 694 gremio
547 609 614 672 sedi
630 609 754 675 sarcina
768 615 863 697 grata
877 617 934 679 tuo
950 636 957 678 :

280 715 313 782 N
317 742 359 783 on
375 720 480 784 cultus
495 719 556 785 tibi
571 743 646 784 cura
661 721 735 800 mei,
751 744 810 786 nec
821 727 916 808 pacta
930 725 1048 790 marito
1103 763 1106 768 Δ

320 829 449 922 Intraui
459 831 618 896 thalamos
632 837 735 896 matre
750 839 885 917 parante
900 858 1009 902 novos.

278 940 384 1006 Obvia
398 942 581 1026 prodieram
595 943 706 1006 reduci
720 943 905 1010 tibi-vera
921 946 1084 1011 fatebor-

321 1051 392 1118 Nec
406 1052 503 1117 facies
517 1051 610 1117 nobis
624 1056 703 1117 nota
717 1055 861 1138 parentis
882 1061 960 1121 erat.

279 1161 325 1226 Te
340 1168 450 1228 tamen
465 1185 532 1228 esse
547 1163 721 1242 Helenam,
738 1165 825 1249 quod
839 1188 909 1230 eras
922 1167 1148 1252 pulcherrima,
1164 1169 1256 1234 sensi.

320 1272 399 1358 Ipsa
409 1273 603 1359 requirebas,
619 1297 701 1360 quae
715 1283 773 1339 tua
788 1281 866 1340 nata
881 1277 973 1343 foret.

281 1382 363 1449 Pars
377 1384 456 1450 haec
471 1407 537 1449 una
552 1384 643 1463 milri,
661 1386 779 1450 coniux
794 1385 876 1452 bene
893 1388 986 1452 cessit
1001 1387 1129 1454 Orestes
1146 1413 1152 1453 :

319 1495 355 1560 Is
369 1518 506 1581 quoque,
522 1496 558 1560 ni
573 1519 630 1581 pro
646 1519 679 1561 se
697 1501 832 1583 pugnet,
849 1499 1021 1585 ademptus
1036 1499 1107 1565 erit.

275 1605 422 1692 Pyrrhus
437 1607 535 1673 habet
550 1612 677 1692 captam
692 1609 808 1674 reduce
823 1613 856 1674 et
871 1609 991 1676 victore
1007 1614 1151 1696 parente.

292 1763 294 1766 -
321 1718 396 1783 Hoc
410 1741 529 1783 munus
543 1717 637 1783 nobis
652 1719 760 1784 diruta
783 1718 880 1785 Troia
893 1721 983 1786 tulit.

275 1828 359 1894 Gum
369 1834 479 1895 tamen
494 1831 580 1895 altus
595 1831 685 1915 equis
699 1829 799 1895 TItan
813 1831 1016 1898 radiantibus
1031 1832 1142 1911 instat,
1344 1835 1389 1880 ¹1⁵

320 1940 473 2006 Perfruor
487 1941 602 2005 infelix
617 1942 765 2007 liberiore
781 1943 878 2007 malo.
1381 1915 1397 1946 ⁶

277 2050 355 2116 Nox
369 2052 427 2117 ubi
437 2076 489 2117 me
504 2052 657 2117 thalamis
671 2054 855 2119 ululantem
868 2058 901 2118 et
915 2052 1028 2119 acerba
1043 2059 1226 2140 gementem

321 2162 485 2242 Condidit,
501 2163 537 2226 in
551 2168 672 2228 maesto
688 2164 906 2249 procubuique
921 2169 1003 2242 toro,

274 2273 339 2339 Pro
354 2297 468 2359 somno,
483 2273 623 2339 lacrimis
639 2275 723 2339 oculi
737 2276 923 2361 funguntur
938 2274 1068 2354 obortis,

319 2385 455 2471 Quaque
469 2386 545 2480 licet
559 2386 650 2472 fugio
665 2387 747 2452 sicut
762 2386 803 2452 ab
818 2387 909 2452 hoste
932 2387 1013 2453 viro.

277 2499 379 2583 Saepe
393 2498 488 2562 malis
503 2502 626 2582 stupe0,
642 2521 813 2583 rerumque
830 2497 932 2564 oblita
945 2498 1072 2583 locique

320 2608 442 2695 Ignara
456 2597 552 2695 tetigi
567 2609 680 2693 Scyria
694 2608 839 2675 membra
853 2632 972 2674 manu:

276 2720 390 2806 thue
404 2721 495 2785 nefas
511 2721 606 2797 sensi,
623 2721 707 2785 male
723 2744 854 2806 corpora
868 2725 956 2786 tacta
969 2720 1118 2807 relinquo

317 2832 363 2896 Et
375 2830 456 2896 mihi
470 2831 612 2916 pollutas
627 2833 737 2897 credor
753 2831 871 2897 habere
893 2855 1020 2898 manus.

275 2943 375 3028 Saepe
384 2942 592 3028 Neoptolemi
605 2965 663 3027 pro
678 2941 808 3008 nomine
823 2966 942 3009 nomen
957 2943 1079 3009 Orestis

319 3054 410 3134 Exit,
426 3057 459 3119 et
473 3075 613 3118 errorem
628 3054 714 3119 vocis
727 3058 764 3119 ut
779 3077 874 3121 omen
890 3076 971 3120 amo.

278 3164 341 3230 Per
356 3187 460 3250 genus
474 3164 589 3228 infelix
604 3165 675 3230 iuro
691 3165 882 3251 generisque
904 3168 1082 3250 parentem,

319 3280 387 3350 Qui
401 3281 493 3358 freta,
510 3279 566 3364 qui
581 3283 682 3343 terras
697 3281 730 3343 et
746 3301 805 3342 sua
819 3300 921 3363 regna
943 3277 1068 3362 quatit:

275 3388 340 3452 Per
353 3387 455 3473 patris
471 3409 542 3451 ossa
563 3385 623 3465 tui,
638 3385 748 3470 patrui
763 3384 853 3456 mihi,
871 3407 953 3469 quae
969 3382 1031 3449 tibi
1046 3382 1175 3461 debent,

239 3624 292 3670 104.
311 3619 352 3668 Ita
363 3618 392 3666 G.
405 3625 428 3666 et
440 3619 527 3678 minus,
541 3632 556 3663 a
570 3615 636 3663 nebris
647 3616 730 3662 diruta
740 3613 885 3661 Troiadedit
893 3611 921 3660 P.
934 3611 979 3660 Ed.
994 3611 1075 3678 Naug.
1087 3611 1164 3662 habet
1174 3617 1197 3660 ct
1207 3612 1286 3660 mtnus
1298 3612 1387 3660 anobis

187 3689 269 3736 ds'rutc
284 3686 354 3732 Troia
360 3684 424 3744 fuit.

240 3755 303 3810 111„
313 3749 355 3798 Ita
366 3749 395 3796 G.
407 3753 487 3794 stuuec
498 3761 613 3806 neruoque
624 3744 668 3792 obl.
680 3743 707 3792 P.

224 4058 277 4106 101.
307 4054 337 4103 ‘I
355 4054 419 4102 have
440 4052 502 4101 been
519 4051 644 4099 fortunate
665 4049 693 4098 in
714 4065 760 4099 one
811 4049 950 4098 Decurrcns
962 4047 1018 4106 alio,
1029 4063 1110 4112 nequa
1121 4048 1143 4096 si
1153 4047 1223 4095 bene.

188 4121 259 4184 point
269 4119 336 4183 only,
349 4117 457 4180 namely,
475 4115 573 4179 getting
583 4115 681 4163 Orestes
693 4115 730 4163 sor
747 4130 762 4162 a
847 4118 901 4162 106.
920 4112 1063 4174 Liberiora]
1106 4112 1386 4176 ‘Ienjoygrcaterfrec-

189 4185 317 4234 husband!
354 4183 436 4230 ‘Bene
456 4181 628 4230 cedere'=‘to
647 4183 761 4228 turncut
812 4179 869 4227 dom
879 4178 905 4226 in
917 4194 960 4241 my
970 4177 1078 4240 miscry.'

188 4249 262 4300 well!
282 4248 354 4297 ‘Non
375 4262 420 4309 ego
441 4260 486 4307 per
500 4243 624 4306 meritum,
646 4244 763 4307 quoniam
848 4245 901 4290 112.
920 4241 1026 4304 Scyria]
1062 4241 1097 4290 01⁴
1120 4239 1304 4303 Neoptolemus,
1324 4241 1386 4291 born

190 4314 254 4364 male
262 4312 346 4374 cessit,
362 4313 452 4362 adoro!
471 4327 497 4358 x.
512 4312 566 4356 141.
584 4309 647 4357 Hor.
660 4307 710 4357 Sat
723 4308 761 4356 11.
811 4307 839 4356 in
852 4307 949 4371 Scyros.

189 4381 206 4429 i.
220 4378 261 4440 31,
282 4382 383 4441 ‘nequa
403 4375 505 4424 simale
525 4379 637 4432 cesserat,
658 4388 762 4436 usquam
