3226 5028
471 461 540 528 ΕΡ.
564 463 628 532 VI.
652 463 926 534 HYPSIPYLE
949 467 1120 540 IASONI.

327 633 425 700 Nuno
439 657 565 722 quoque
580 641 613 703 te
627 639 716 705 salvo
730 641 942 725 persoluenda
955 642 1037 709 mlhl

282 743 371 812 Vota
385 768 445 832 ego
459 748 667 832 persolvam?
688 752 773 817 votis
787 752 906 818 Medea
919 753 1073 819 fruetur?
1091 785 1094 792 ’

326 855 389 924 (lor
404 858 501 938 dolet,
516 863 613 945 atque
626 862 676 927 ira
690 863 813 929 mixtus
827 863 974 930 abundat
988 886 1087 931 amor.

282 965 380 1035 Dona
393 969 495 1035 feram
508 972 647 1058 templis,
663 973 775 1039 vivum
790 976 876 1061 quod
892 973 1010 1041 Iasona
1023 976 1149 1061 perdo?

325 1078 447 1147 Hostia
461 1104 519 1167 pro
533 1083 660 1149 damnis
675 1084 821 1152 concidat
835 1086 900 1151 iota
914 1085 1023 1152 meis?

217 1216 232 1257 ε
282 1189 361 1256 Non
376 1191 524 1278 equidem
540 1197 648 1277 secura
661 1195 719 1276 fui,
735 1218 923 1283 semperque
937 1196 1082 1279 verebar,

325 1296 378 1364 Ne
392 1303 486 1385 pater
498 1299 654 1386 Argolica
668 1307 808 1368 sumeret
822 1303 902 1368 urbe
916 1325 1047 1368 nurum.

281 1406 457 1496 Argolidas
471 1411 586 1476 timui:
610 1412 721 1478 nocuit
735 1413 817 1479 mihi
831 1413 967 1479 barbara
980 1415 1097 1500 pellex.

323 1519 401 1585 Non
414 1526 586 1607 expectata
596 1524 714 1588 vulnus
729 1523 770 1590 ab
784 1523 875 1590 hoste
890 1525 963 1589 tuli.

280 1629 352 1696 Neo
365 1632 445 1698 facie
459 1633 646 1720 meritisque
660 1634 783 1719 placet:
806 1635 863 1699 sed
877 1635 1021 1701 carmina
1035 1636 1138 1717 novit,

325 1740 470 1828 Diraque
485 1747 615 1810 cantata
629 1744 749 1830 pabula
763 1744 845 1811 falce
860 1746 967 1812 metit.

281 1850 347 1916 Illa
359 1852 572 1919 reluctantem
587 1851 681 1920 cursu
696 1856 851 1921 deducere
865 1855 979 1921 lunam

322 1962 461 2044 Nititur,
477 1968 510 2030 et
523 1964 663 2046 tenebris
679 1965 795 2032 abdere
810 1967 885 2032 solis
899 1989 1007 2053 equos.

203 2096 211 2102 ·
280 2072 348 2140 Illa
361 2075 503 2142 refrenat
518 2099 627 2162 aquas,
651 2076 844 2163 obliquaque
858 2076 995 2143 flumina
1007 2077 1092 2144 sistit
1108 2101 1115 2142 :

322 2185 388 2251 Illa
401 2186 471 2252 loco
485 2187 582 2254 silvas
594 2188 730 2275 vivaque
745 2211 823 2253 saxa
837 2193 965 2254 movet:

280 2296 345 2363 Per
358 2299 502 2366 tumulos
516 2303 601 2366 errat
615 2301 716 2386 passis
731 2300 887 2366 discincta
901 2298 1037 2386 capillis,

322 2408 480 2496 Certaque
494 2411 535 2476 de
549 2410 667 2496 tepidis
682 2410 807 2496 colligit
821 2433 892 2477 ossa
906 2411 1014 2497 rogis:

277 2517 424 2588 Devovet
437 2520 594 2601 absentes,
610 2522 843 2607 simulaoraque
858 2545 949 2588 cerea
962 2520 1070 2608 fingit,

320 2629 367 2697 Et
380 2631 535 2698 miserum
548 2634 661 2698 tenues
675 2633 711 2698 in
726 2633 815 2699 ieour
828 2639 925 2720 urget
936 2655 1012 2699 sous
1025 2655 1032 2697 :

277 2740 333 2824 Et,
349 2763 431 2828 quae
445 2744 613 2810 nescierim
627 2743 753 2810 melius.
799 2744 889 2810 Male
905 2743 1072 2831 quaeritur
1086 2742 1195 2810 herbis

237 2955 276 3003 82.
295 2952 436 3014 Exspectata
447 2951 468 3001 P
479 2957 607 3013 exspectato
619 2951 649 3001 G.

234 3022 277 3132 rsstt.
298 3019 405 3132 Oartqm'ns
422 3020 494 3066 morit
505 3017 527 3066 G
539 3017 606 3081 vulg.
617 3017 724 3065 carmina
733 3018 805 3066 nsooit
816 3015 836 3065 P
847 3018 953 3066 earmina
964 3018 1029 3065 novit
1040 3014 1163 3076 nonnulli,
1174 3012 1332 3088 quod'verum
1341 3026 1393 3062 esse

188 3096 204 3131 a
258 3098 301 3133 um
313 3097 339 3132 es
935 3105 938 3116 ‹

203 3097 277 3197 pe90.
297 3149 390 3210 coelest
400 3145 431 3204 G,
442 3147 535 3208 collocat
545 3145 574 3196 P.

237 3215 276 3261 91.
294 3213 377 3273 It'nyr't
388 3210 417 3272 G,
423 3212 484 3274 ficit
495 3210 523 3260 P.

237 3279 277 3336 93,
287 3279 326 3325 94.
345 3275 401 3324 Ηοο
412 3275 535 3325 distichon
544 3275 595 3324 inm
604 3274 662 3326 inde
674 3274 705 3325 ab
713 3274 804 3324 Aldina
815 3272 959 3325 ediderunt:
978 3274 1012 3322 m
1021 3287 1080 3336 quoe
1087 3272 1208 3322 macrim
1219 3275 1308 3323 melius.
1325 3271 1392 3320 Mae

187 3342 313 3402 quaeritur
323 3341 400 3389 tertia
409 3341 518 3388 Moribus
528 3347 551 3389 ct
555 3341 640 3403 forma
651 3343 809 3390 conciliandus
820 3355 904 3414 amor..
926 3340 1026 3401 Optimo
1036 3353 1095 3387 sane
1104 3352 1187 3386 sensu.
1221 3337 1270 3413 Sed
1277 3353 1322 3401 pro
1330 3339 1391 3385 mon

187 3403 209 3518 <11³
218 3403 241 3453 G
253 3404 370 3518 ⁸pqqriqule
384 3403 531 3518 mccqtiores
540 3421 607 3468 maye
616 3421 625 3455 :
643 3420 674 3455 ex
694 3420 743 3470 quo
753 3419 831 3468 paene
846 3408 1003 3454 restituerem
1018 3417 1095 3466 macc,
1110 3416 1204 3462 vocem,
1213 3407 1242 3453 ut
1256 3418 1284 3451 m
1300 3413 1388 3452 comm.

205 3484 268 3528 ocur,
298 3485 340 3520 uro
361 3483 404 3520 oco
415 3485 446 3532 ap
459 3485 574 3519 rammam

182 3735 306 3828 tlt-82.
325 3763 359 3814 ‘I
375 3779 451 3816 never
466 3763 555 3814 indeed
571 3763 617 3814 felt
634 3763 703 3828 quite
720 3779 758 3812 se·
809 3761 906 3814 vourite
932 3761 1114 3825 commonplsoe
1135 3761 1199 3812 with
1218 3762 1262 3812 the
1288 3761 1386 3812 Roman

185 3845 243 3878 oure
252 3830 281 3880 of
289 3845 353 3893 your
362 3829 472 3894 fidelity:
485 3829 642 3879 butInever
651 3828 759 3892 thought
808 3832 886 3890 poete.
918 3826 994 3877 Loers
1005 3826 1169 3890 givesssong
1179 3826 1223 3876 list
1235 3827 1264 3876 of
1270 3841 1386 3890 passages

184 3909 236 3957 you
247 3894 364 3944 wouldm
429 3891 600 3944 abarbarian.'
809 3891 902 3941 similar
922 3897 948 3940 to
966 3890 1017 3940 this
1039 3889 1158 3940 collected
1180 3891 1214 3955 by
1233 3891 1318 3955 Gisrig
1335 3890 1385 3940 and

218 3960 256 4008 83.
277 3961 399 4009 Carmina.
442 3956 648 4007 ‘Inoantations.'
670 3955 757 4005 haul.
808 3954 993 4005 JahnadMed.
1003 3954 1047 4004 vii.
1062 3957 1117 4014 180,
1126 3969 1178 4018 qq.

185 4021 237 4073 viii.
251 4027 275 4083 5,
293 4022 358 4073 ‘Illa
374 4038 459 4085 magas
478 4029 543 4072 artes
553 4024 683 4085 Aeaeaque
703 4037 756 4071 cur·
842 4024 882 4068 88.
905 4018 986 4084 Vivo]
1004 4019 1134 4081 Proleptic.
1160 4017 1382 4068 ‘Oullsintolifa'

183 4087 349 4138 minanovit.’
809 4083 970 4134 SoMetvii.
984 4085 1038 4131 204.
1073 4082 1186 4132 ‘Vivum
1196 4086 1289 4132 saxum¹
1303 4084 1331 4132 in
1339 4083 1382 4134 the

216 4155 256 4201 84.
276 4152 398 4216 dentata]
434 4150 611 4200 ‘Enchanted'
646 4148 683 4199 Cf.
696 4149 753 4198 Am.
809 4151 872 4212 sing.
884 4149 906 4198 is
916 4145 1079 4212 merely‘the
1089 4144 1189 4196 natural
1197 4147 1272 4197 reoli?

183 4214 221 4265 11.
234 4232 258 4266 v.
268 4218 307 4266 38.
343 4218 411 4267 ‘Aut
421 4215 466 4265 ubi
477 4214 581 4266 canulis
591 4214 756 4264 lunalsborat
843 4216 881 4272 93,
894 4215 933 4261 94.
952 4213 1032 4260 ‘And
1046 4217 1097 4260 crts
1108 4211 1216 4260 whichl
1233 4211 1284 4261 had
1298 4211 1382 4262 rather

182 4280 269 4345 equis)
811 4279 886 4327 know
900 4276 988 4326 nothin
1013 4276 1046 4325 of.
1080 4275 1381 4340 ’lisilltoeeektogain

216 4347 255 4404 84,
273 4348 313 4394 94.
340 4341 762 4409 Aprettycompleteenumeration
813 4343 847 4406 by
857 4357 942 4391 means
957 4293 1067 4390 otherbs
1075 4340 1119 4390 the
1129 4341 1186 4391 love
1199 4340 1254 4390 that
1265 4341 1343 4405 ought
1354 4347 1381 4390 to

181 4410 210 4459 of
224 4411 267 4460 the
284 4414 334 4459 arta
356 4409 491 4459 attributed
506 4415 533 4457 to
550 4405 652 4456 witches
667 4407 702 4471 by
717 4406 760 4456 the
811 4408 842 4457 be
857 4406 1059 4471 nonbybeauty
1076 4406 1125 4455 aud
1140 4404 1295 4455 characterl'
1325 4404 1381 4454 Iat

179 4473 300 4525 ancients.
341 4474 417 4524 Their
429 4471 579 4534 description
590 4471 757 4520 lormedafa-
810 4486 857 4521 one
874 4471 934 4520 time
954 4470 1065 4535 changed
1083 4470 1126 4520 the
1147 4469 1263 4535 ordinary
1279 4469 1381 4533 reading

772 4563 789 4597 Ιι
