3214 5026
238 435 280 500 42
711 427 962 496 HEROIDES.

326 606 380 673 sio
394 605 522 672 Helene
537 603 655 685 doleat,
671 604 859 690 desertaque
874 602 1010 689 coniuge
1024 601 1140 687 ploret,

370 717 525 803 Quaeque
539 716 626 802 prior
640 715 734 782 nobis
748 715 873 796 intulit,
889 714 961 801 ipsa
975 715 1069 779 ferat.

325 829 426 896 Nunc
440 828 502 895 tibi
516 828 711 894 conveniunt
726 847 809 913 quae
827 832 860 893 te
874 850 933 914 per
946 829 1058 912 aperta
1072 827 1250 909 sequantur

371 941 533 1027 Aequore,
548 939 713 1026 legitimos
727 939 969 1024 destituantque
984 937 1078 1004 viros.

330 1052 379 1119 Ac
393 1075 467 1117 cum
480 1073 604 1137 pauper
617 1073 688 1115 eras
705 1053 914 1135 armentaque
928 1051 1037 1134 pastor
1052 1046 1180 1134 agebas,

372 1163 477 1229 Nulla
492 1163 556 1228 nini
572 1162 704 1228 Oenone
719 1161 870 1247 pauperis
884 1183 968 1226 uxor
981 1164 1061 1226 orat.

329 1274 408 1340 Non
423 1297 483 1361 ego
498 1273 598 1340 miror
618 1296 703 1359 opes,
719 1296 778 1338 nec
793 1296 845 1338 me
859 1278 918 1339 tua
934 1272 1025 1358 regia
1040 1271 1159 1357 tangit,

372 1384 444 1451 Noc
458 1387 498 1451 de
512 1389 562 1451 tot
576 1385 700 1451 Priami
715 1385 803 1450 dicar
817 1389 856 1450 ut
870 1407 937 1450 une
950 1406 1060 1449 nuruo.

331 1496 410 1563 Non
429 1502 538 1564 tamen
550 1502 588 1562 ut
602 1498 751 1562 Priamus
765 1496 928 1583 nymphae
943 1518 1030 1562 socer
1044 1517 1110 1560 esse
1124 1497 1257 1573 recuset,

375 1609 447 1674 Aut
465 1608 621 1675 Hecubae
635 1609 753 1674 fuerim
768 1608 1001 1674 dissimulanda
1015 1630 1123 1672 mnus.

334 1718 508 1806 Dignaque
523 1741 595 1784 sum
610 1723 642 1785 et
657 1719 749 1805 cupio
765 1719 836 1785 fieri
850 1723 997 1784 matrona
1008 1716 1166 1804 potentis:

376 1831 461 1897 Sunt
475 1830 566 1912 mihi,
583 1854 669 1917 quas.
676 1831 799 1917 possint
814 1834 938 1916 sceptra
952 1831 1073 1909 decere,
1087 1851 1213 1895 manus.

333 1938 404 2004 Nec
418 1960 479 2018 me,
495 1937 625 2025 faginea
639 1938 725 2023 quod
738 1940 846 2002 tecum
859 1937 971 2002 fronde
985 1935 1138 2011 iacebam,

378 2048 534 2137 Despice:
561 2071 721 2135 purpureo
736 2072 808 2114 sum
821 2037 926 2134 magis
940 2051 1017 2133 apta
1030 2052 1110 2113 toro.

335 2159 485 2246 Denique
499 2164 590 2225 tutus
606 2183 696 2226 amor
710 2183 801 2226 meus
815 2165 863 2225 est
877 2159 957 2226 tibi:
981 2160 1074 2225 nulla
1087 2160 1245 2245 parantur

380 2272 485 2352 Bella,
500 2295 559 2337 nec
573 2271 704 2338 ultrices
718 2271 850 2337 advehit
864 2272 954 2338 unda
968 2275 1063 2338 rates.

334 2382 497 2468 Tyndaris
510 2383 634 2448 infestis
648 2382 787 2468 fugitiva
799 2383 975 2468 reposcitur
989 2381 1103 2446 armis:
1189 2388 1191 2393 '
1286 2425 1293 2442 ,

379 2493 455 2560 Hac
469 2494 559 2560 venit
574 2493 610 2559 in
624 2493 784 2582 thalamos
799 2495 874 2561 doto
889 2492 1026 2580 superba
1039 2496 1123 2558 tuos.

337 2603 429 2674 Quae
445 2604 473 2669 ri
484 2604 527 2671 sit
541 2604 667 2670 Danais
680 2606 855 2685 reddenda,
869 2606 922 2671 vel
936 2604 1082 2670 Hectora
1095 2605 1238 2682 fratrem,

280 2717 283 2722 ’
390 2715 455 2782 Vel
470 2739 543 2781 cum
557 2715 730 2802 Deiphobo
746 2715 984 2804 Polydamanta
996 2738 1085 2802 roga.

561 2889 599 2940 76.
618 2887 659 2936 Ite
670 2887 701 2936 G.
736 2890 778 2937 dio
786 2889 839 2936 boec
849 2889 926 2936 dolcat
937 2888 1070 2950 defcctaque
1079 2886 1108 2934 P.

562 2955 601 3005 77.
623 2955 706 3001 Tecum
716 2956 814 3002 ueniunt
823 2954 892 3002 codd.
904 2951 1026 3000 nonnulli.

562 3021 602 3068 86.
623 3018 685 3076 θυαε
691 3021 787 3080 possint
798 3018 849 3068 PG
860 3034 918 3080 quae
927 3017 1050 3068 nonnulli.

254 3251 311 3301 that
323 3250 460 3301 the‘eaxe’
468 3252 497 3301 in
509 3253 539 3306 74
550 3268 616 3303 were
627 3253 761 3304 elsewhere
771 3254 834 3303 then
912 3253 950 3307 77.
970 3251 1135 3316 Conveniunt]
1154 3253 1259 3303 ‘Please
1277 3256 1343 3318 you)
1378 3253 1450 3304 Rem.

255 3332 288 3365 on
299 3315 455 3366 Mountlda.
483 3315 510 3365 It
518 3318 614 3377 admits,
622 3317 745 3378 however,
755 3319 783 3369 of
791 3320 833 3369 de·
878 3319 933 3368 Am.
945 3321 1000 3379 312,
1013 3316 1184 3368 ‘Conveniens
1193 3319 1275 3368 animo
1285 3334 1336 3368 non
1346 3325 1399 3369 erat
1408 3319 1453 3368 illa

254 3383 339 3431 fonce:
353 3382 391 3429 for
405 3382 426 3430 it
437 3382 522 3431 malros
534 3398 549 3431 a
561 3383 704 3433 distinction
720 3384 833 3433 between
878 3384 950 3432 mec!

256 3446 393 3494 ‘ululatus’
417 3446 466 3494 end
496 3446 643 3505 ‘lacrimae’
664 3448 746 3498 which
772 3465 831 3510 was,
913 3450 951 3496 82.
970 3446 1181 3512 Supply‘tengit'
1192 3448 1255 3496 from
1265 3448 1453 3513 precedinglinc

256 3509 370 3574 perhaps,
395 3510 519 3586 intended:
555 3511 605 3560 She
626 3512 681 3588 first
702 3513 770 3562 filled
791 3513 834 3562 the
879 3511 907 3562 in
921 3511 1069 3587 impersonal
1085 3527 1162 3562 sense.
1196 3513 1266 3562 ‘Nor
1280 3514 1454 3564 doIcountit

257 3581 468 3690 lllnh‘ffl
483 3575 835 3704 lllpllfllettelssh
880 3576 1455 3706 tretet‘llt,ltgilssllltttlh‘l?

258 3702 350 3753 retired
368 3709 395 3753 to
406 3703 449 3753 the
465 3704 571 3754 solitudo
587 3706 615 3755 of
623 3722 638 3755 a
650 3709 727 3771 rocky
738 3723 797 3756 cave
808 3712 835 3756 to
917 3710 955 3766 83,
966 3709 1004 3756 84.
1019 3705 1270 3757 ‘Nothowovorthat
1278 3707 1361 3758 Priam
1368 3707 1456 3770 should

209 3819 212 3824 ·
259 3766 835 3886 lllelsladelffillle'
879 3771 975 3886 llil}
988 3770 1457 3888 hltltllahlzthlyllr

260 3914 324 3949 rour
335 3897 411 3947 cfthe
423 3899 526 3962 reading
536 3898 596 3950 ‘hee
606 3901 728 3950 lecrimae’
739 3901 837 3966 against
880 3903 919 3951 for
929 3917 944 3950 a
955 3899 1191 3964 daughter-inlew!

261 3968 304 4013 ‘ot
320 3962 529 4012 lacrimae'iniii.
543 3967 564 4012 4.
663 4018 666 4025 ¹
913 3967 952 4015 86.
969 3964 1105 4030 Metroon]
1127 3987 1148 4008 =
1167 3967 1259 4016 ‘uxor'
1303 3965 1341 4016 cf.
1353 3965 1414 4017 Met
1426 3966 1456 4018 ii.

311 4027 349 4080 76.
366 4029 511 4090 Desertaquo
522 4029 636 4094 contoqa]
663 4029 717 4081 The
726 4030 836 4094 preposi—
878 4033 935 4090 466,
946 4029 1050 4094 ‘Magni
1059 4038 1171 4082 matrone
1181 4031 1316 4081 Tonantis!

259 4091 313 4142 tion
324 4095 332 4120 ‘
343 4091 367 4141 e'
383 4091 467 4142 would
485 4093 517 4143 be
531 4096 655 4158 expected.
703 4094 836 4157 Ruhnken,
858 4132 860 4138 .
915 4097 954 4145 86.
972 4096 1035 4144 Sunt
1049 4097 1110 4144 miei
1126 4112 1186 4158 quae
1198 4099 1292 4158 possint
1307 4103 1399 4159 sceptra
1413 4099 1455 4146 dc·

261 4156 385 4216 however,
406 4161 492 4220 quotes
503 4160 598 4209 several
615 4159 738 4210 instances
754 4160 837 4210 where
881 4177 931 4210 ocra
945 4157 1051 4224 manua]
1072 4159 1125 4209 The
1142 4160 1250 4210 Etonian
1272 4160 1351 4211 editor
1370 4167 1457 4226 quotes

262 4221 396 4272 ‘desertus'
409 4223 432 4271 ie
442 4223 503 4272 used
514 4223 577 4274 with
587 4223 630 4275 the
639 4224 746 4276 ablativo
757 4225 835 4275 alone.
881 4225 968 4288 Gray's
985 4223 1031 4272 Ele
1049 4239 1081 4288 y:
1104 4223 1211 4276 ‘Hands
1230 4224 1287 4276 thet
1302 4227 1346 4276 the
1365 4227 1410 4275 rod
1431 4227 1460 4278 ol

263 4285 302 4362 of.
320 4286 364 4335 xii.
385 4289 445 4346 161,
471 4288 544 4352 Prop.
564 4288 602 4339 11.
622 4290 666 4340 rii.
689 4291 734 4351 173
751 4289 838 4340 Lucan
882 4289 973 4352 empire
984 4240 1266 4354 mighthareswayed!

262 4366 279 4399 u
301 4353 355 4400 196.
389 4349 428 4399 On
446 4351 490 4402 the
509 4352 580 4404 other
596 4353 670 4413 hand,
690 4355 756 4406 Ovid
770 4356 839 4406 often
916 4357 955 4403 92.
972 4351 1053 4417 Doto]
1071 4351 1110 4402 Of.
1126 4355 1214 4404 Aesch.
1231 4356 1320 4420 Agam.
1333 4357 1387 4415 669,
1407 4358 1458 4407 τάν

262 4431 320 4464 usas
337 4414 381 4464 the
402 4416 552 4480 proposition
568 4419 652 4470 where
673 4419 717 4471 tha
732 4420 840 4471 ablativo
881 4417 1064 4485 δορίγαμβρον
1075 4419 1212 4485 apparator]
1223 4419 1247 4468 θ’
1257 4420 1377 4471 ’Elison

262 4479 588 4546 alonewouldbeexpeoted.
604 4485 839 4536 Scenoteonx.138.
