3226 5028
728 401 980 472 HEROIDES.

314 677 320 683 .
338 617 428 692 Quos
442 643 503 708 ego
517 622 649 701 servavi,
666 624 760 710 pelex
774 625 980 712 amplectitur
994 630 1094 708 artus,

381 730 428 797 Et
441 732 544 798 nostri
558 735 682 801 fructus
696 734 755 801 illa
770 735 888 802 laboris
902 735 1010 803 habet.

338 839 489 908 Forsitan
504 847 546 924 et,
562 845 680 912 stultas
695 847 774 912 dum
787 851 821 913 te
835 846 954 913 iactare
968 848 1105 915 maritae

383 953 519 1024 Quaeris
533 958 566 1022 et
580 954 709 1022 iniustis
724 956 856 1024 auribus
870 963 949 1045 apta
962 958 1062 1046 loqui,

339 1061 382 1129 Iu
396 1064 511 1130 faciem
524 1088 690 1154 moresque
704 1090 792 1134 meos
806 1091 891 1135 nova
906 1069 1042 1136 crimina
1056 1070 1170 1158 fingas.

383 1173 503 1242 Rideat
517 1179 550 1242 et
563 1177 651 1244 vitiis
665 1178 750 1245 laeta
764 1179 807 1246 sit
821 1179 879 1245 illa
892 1179 982 1246 meis.

337 1283 467 1368 Rideat,
483 1290 516 1354 et
529 1287 629 1374 Tyrio
640 1289 743 1356 iaceat
757 1290 904 1356 sublimis
917 1292 953 1357 in
971 1295 1072 1359 ostro:

380 1397 500 1478 Flebit,
515 1403 548 1464 et
563 1400 690 1467 ardores
704 1402 811 1468 vincet
825 1403 941 1468 adusta
959 1403 1069 1469 meos!

338 1506 429 1574 Dum
443 1509 564 1575 ferrum
577 1511 788 1598 flammaeque
803 1513 941 1579 aderunt
955 1535 1112 1601 sucusque
1126 1514 1252 1596 veneni,

380 1615 497 1682 Hostis
511 1615 646 1683 Medeae
660 1618 771 1684 nullus
785 1618 911 1685 inultus
926 1621 996 1686 erit.

339 1724 436 1799 Quod
451 1727 478 1794 si
491 1729 573 1794 forto
587 1751 695 1816 preces
709 1731 894 1816 praecordia
907 1731 1010 1796 ferrea
1024 1734 1177 1819 tangunt,

381 1837 480 1904 Nunc
495 1838 613 1906 animis
627 1840 705 1905 audi
716 1840 814 1907 verba
828 1842 956 1907 minora
969 1841 1061 1907 meis.

337 1946 420 2015 Tam
434 1949 497 2016 tibi
510 1973 583 2017 sum
598 1951 744 2038 supplex,
760 1974 858 2038 quam
873 1956 911 2018 tu
924 1952 1006 2018 mihi
1021 1974 1114 2038 saepe
1129 1952 1239 2019 fuisti:

378 2059 415 2127 N
415 2084 450 2127 eo
463 2084 570 2128 moror
584 2066 659 2127 ante
673 2067 747 2128 tuos
758 2061 962 2148 procubuisse
977 2064 1082 2149 pedes.

336 2171 374 2239 Si
386 2171 448 2238 tibi
461 2195 534 2238 sum
547 2172 631 2253 vilis,
647 2172 825 2239 communis
838 2173 958 2261 respice
972 2178 1067 2241 natos
1081 2196 1089 2239 ι

379 2282 506 2349 Saeviet
519 2282 555 2348 in
568 2287 680 2368 partus
695 2285 766 2350 dira
779 2307 916 2351 noverca
929 2307 1028 2351 meos.

334 2393 533 2460 sturmium
547 2394 667 2461 similes
680 2394 742 2461 tibi
757 2399 843 2476 sunt,
859 2399 892 2461 et
906 2394 1051 2482 imagine
1065 2398 1195 2482 tangor,

377 2505 425 2571 Et
438 2505 562 2592 quoties
576 2507 680 2587 video,
691 2505 817 2572 lumina
832 2512 943 2573 nostra
956 2506 1099 2572 madent.

335 2616 399 2683 Per
413 2639 544 2704 superos
559 2639 624 2692 oro,
639 2641 697 2704 per
712 2618 817 2685 avitae
831 2618 959 2684 lumina
972 2619 1132 2698 flammae,

381 2727 446 2793 Per
460 2728 611 2796 meritum
626 2733 659 2795 ot
673 2733 776 2810 natos,
791 2728 928 2816 pignora
942 2734 1061 2810 nostra,
1077 2730 1178 2795 duos:

336 2839 450 2906 Redde
464 2843 581 2920 torum,
596 2863 654 2926 pro
670 2863 733 2927 quo
746 2843 797 2905 tot
810 2862 860 2906 res
873 2839 988 2906 insana
1001 2839 1118 2926 reliqui
1131 2862 1138 2904 :

378 2944 476 3011 Adde
490 2947 588 3012 fidem
602 2947 705 3027 dictis,
722 2946 943 3032 auxiliumque
958 2947 1050 3012 refer.

338 3057 416 3123 Non
431 3080 491 3144 ego
505 3061 538 3124 te
552 3058 688 3143 imploro
703 3061 815 3123 contra
828 3060 1001 3143 taurosque
1015 3057 1174 3143 virosque,

381 3167 495 3254 thue
509 3172 568 3235 tua
581 3190 711 3254 serpens
725 3168 812 3234 victa
825 3167 968 3254 quiescat
983 3190 1051 3254 ope.

456 3379 511 3427 185.
528 3377 592 3426 Nam
604 3376 661 3428 PG.
680 3394 686 3426 :
699 3393 759 3428 corr.
778 3377 972 3442 Heius-quam
983 3380 1012 3444 P,
1025 3381 1087 3443 quod
1098 3380 1155 3431 Get
1165 3380 1235 3446 vulg.

1202 3561 1453 3574 ——n—

252 3670 343 3721 ⁴Lenis
358 3669 389 3719 ab
401 3667 526 3718 admonito
533 3670 631 3730 pertore
639 3681 739 3715 somnus
749 3665 802 3715 abit
811 3665 827 3714 ε’
876 3669 903 3715 tc
921 3663 994 3714 maha
1012 3679 1082 3714 sensa
1085 3664 1213 3778 dumont
1224 3665 1300 3730 doing
1310 3665 1451 3731 sc),‘taner

252 3738 303 3787 and
314 3737 385 3784 Pcnt
399 3733 453 3782 ΙΙΙ.
465 3733 492 3780 ii.
505 3734 543 3790 12,
558 3730 659 3780 ‘Pulsus
671 3735 697 3780 et
707 3746 721 3780 e
732 3730 829 3792 trepido
876 3729 995 3778 amisero’
1002 3729 1077 3792 being

271 3806 351 3850 eotora
380 3813 480 3847 somnus
502 3794 570 3845 abit!
613 3794 669 3844 Via
688 3795 753 3843 Adn.
766 3793 827 3843 (ln't.
876 3793 983 3842 misero’
1014 3793 1067 3842 The
1078 3809 1176 3843 erasure
1192 3794 1219 3842 in
1229 3794 1273 3844 tha
1286 3795 1335 3844 last
1344 3795 1452 3859 syllable

253 3818 308 3915 ihs
329 3862 432 3924 reading
451 3861 479 3910 οἱ
498 3859 601 3918 Merkel,
626 3859 665 3907 ‘N
666 3875 694 3908 eo
714 3864 784 3908 tener
800 3860 828 3906 in
877 3860 922 3908 cf‘
934 3859 1049 3906 teneram’
1060 3857 1152 3922 clearly
1164 3860 1247 3920 points
1257 3865 1283 3908 to
1294 3859 1336 3908 the
1347 3862 1452 3926 reading

1122 3729 1452 3782 omistalrenfor‘taneram
1504 3745 1511 3754 ¹

253 3931 343 3980 misero
373 3933 471 3990 pectore
498 3940 598 3973 somnus
626 3923 716 3982 habet,¹
745 3922 828 3971 where
876 3923 902 3971 in
914 3921 958 3971 the
968 3927 1032 3972 text.
1072 3921 1176 3971 ‘Tener’
1188 3922 1210 3971 is
1221 3923 1356 3986 appliedto
1369 3930 1451 3974 ‘aom·
1535 3961 1539 3968 .

256 3993 351 4043 ‘habet'
361 4013 382 4032 =
392 3994 398 4017 ‘
407 3987 501 4039 dwells¹
514 3994 604 4038 cannot
624 3989 704 4046 stand,
721 4003 748 4036 as
761 3987 828 4036 Ovid
876 3988 931 4035 nus’
944 3987 979 4050 by
991 3985 1062 4048 ovid,
1079 3987 1134 4035 Art.
1147 3986 1174 4034 ii.
1188 3989 1243 4036 546.

253 4073 331 4107 never
352 4071 409 4105 uses
432 4054 530 4103 ‘habet’
551 4054 579 4101 in
601 4051 652 4102 this
672 4068 726 4100 rare
749 4067 827 4112 sense,
910 4053 963 4100 180.
976 4049 1095 4114 Adusta]
1109 4050 1147 4100 cf.
1156 4051 1217 4100 Eur.
1226 4051 1292 4100 Med
1307 4054 1377 4112 1135,
1387 4067 1451 4117 sqq.,

255 4121 336 4171 which
357 4119 379 4168 is
398 4119 485 4178 found,
502 4118 516 4167 1
535 4118 638 4177 believe,
653 4117 714 4180 only
725 4132 786 4165 once
800 4131 828 4164 or
875 4115 958 4164 where
967 4131 998 4163 cn
1010 4120 1116 4165 account
1126 4116 1155 4165 of
1158 4115 1200 4165 the
1209 4115 1318 4180 burning
1324 4117 1352 4166 ol
1358 4115 1452 4168 Creusa

253 4186 327 4236 twice
345 4184 372 4232 in
391 4183 505 4232 Plautus.
539 4181 593 4230 The
610 4182 750 4243 corruption
766 4179 828 4229 inP
875 4180 892 4229 b
921 4180 965 4228 the
980 4178 1450 4246 magicrcbeandorownsenthcrby

254 4265 323 4300 arose
350 4249 415 4296 from
436 4247 481 4296 the
504 4245 635 4310 similan'ty
657 4247 686 4293 of
706 4245 780 4294 ‘abit’
802 4252 828 4294 to
906 4246 965 4293 adea
973 4243 995 4292 is
1022 4247 1079 4293 iven
1090 4249 1117 4292 at
1127 4243 1222 4307 lengt.

255 4314 359 4374 ‘habet‘
370 4313 426 4361 four
447 4312 513 4360 lines
534 4310 628 4358 further
647 4310 728 4358 down.
774 4309 828 4358 The
910 4311 964 4357 184.
982 4261 1084 4357 ‘disten
1102 4315 1128 4357 to
1144 4324 1246 4373 prayers
1262 4309 1396 4375 tooabject
1412 4309 1452 4359 ior

254 4378 328 4427 latter
342 4377 412 4426 word
424 4391 477 4424 was
496 4374 645 4423 substituted
664 4375 703 4422 for
715 4373 758 4422 the
777 4375 827 4422 for·
875 4389 919 4437 my
930 4373 990 4434 high
998 4372 1085 4435 spirit,’
1095 4373 1283 4439 ταπεινοτέρας
1294 4374 1310 4434 ἥ
1323 4377 1389 4424 κατὰ
1402 4377 1453 4426 τὸν

255 4458 321 4492 mer:
334 4441 382 4491 and
393 4440 455 4489 then
469 4441 516 4488 ‘et'
528 4454 579 4488 was
591 4438 702 4502 changed
713 4443 738 4487 to
753 4439 829 4499 ‘nea'
877 4438 939 4502 ἐμὸν
950 4440 1042 4502 θυμόν.
