3226 5028
260 439 323 506 120
718 433 969 504 HEROIDES.

346 611 449 678 Huuo
461 609 519 678 ubi
533 611 654 692 vitaris,
669 609 749 676 elios
762 609 864 676 vitare
877 613 1049 688 memento,

388 722 435 788 Et
447 723 568 788 multos
581 722 649 788 illio
663 722 824 788 Heotoras
839 742 906 786 esse
919 723 1020 805 puta:

345 833 392 900 Et
405 833 503 899 faoito
518 839 556 900 ut
570 833 667 913 dieas,
687 833 812 918 quoties
825 853 973 918 pugnare
987 828 1126 917 parabis,

391 944 548 1010 ‘Parcere
562 966 615 1010 me
630 944 724 1010 iussit
738 942 917 1010 Laodamia
931 940 1013 1008 sibi!

345 1054 382 1121 Si
395 1056 507 1121 eadere
520 1054 675 1141 Argolioo
689 1055 738 1120 fas
752 1058 801 1120 est
815 1053 875 1120 sub
888 1053 993 1120 milite
1008 1050 1151 1131 Troiam,

388 1164 435 1230 Te
450 1188 576 1252 quoque
591 1188 658 1232 non
672 1165 778 1231 ullum
792 1164 912 1230 vulnus
925 1163 1064 1230 habente
1080 1164 1184 1229 eadat.

347 1274 479 1362 Pugnet
493 1281 525 1342 et
541 1277 688 1342 adversos
703 1277 816 1342 tendat
831 1274 1003 1342 Menelaus
1017 1275 1053 1340 in
1067 1274 1168 1342 hostis
1182 1297 1189 1339 :

390 1385 551 1452 Hostibus
565 1410 583 1453 e
599 1386 714 1454 mediis
728 1391 832 1472 nuptu
845 1386 986 1472 petenda
999 1385 1068 1452 riro
1084 1389 1155 1452 est.-

346 1495 451 1563 Oanss
464 1500 523 1563 tua
537 1500 585 1563 est
599 1497 716 1583 dispar.
761 1496 814 1562 Tu
828 1501 958 1564 tentum
973 1496 1080 1562 vivere
1095 1518 1217 1583 pugna,

390 1607 495 1695 Inque
508 1608 578 1692 pios
592 1608 741 1674 dominae
755 1630 846 1694 posse
862 1608 967 1674 redire
981 1607 1081 1674 sinus.

347 1718 484 1800 Paroite‚
501 1718 720 1800 Dardanidae,
736 1720 850 1800 dotet,
865 1741 987 1805 preoor‚
1001 1717 1148 1784 hostibus
1162 1718 1230 1798 uni,

389 1829 442 1896 Ne
456 1852 547 1896 meus
561 1853 602 1895 ex
615 1830 672 1895 illo
683 1852 812 1916 oorpore
826 1830 959 1916 sangnis
973 1833 1034 1896 eat.

347 1939 427 2008 Nou
441 1945 499 2022 est,
515 1962 611 2027 quem
627 1942 737 2007 deoeat
752 1942 840 2007 nudo
856 1963 1040 2007 oonourrere
1055 1941 1148 2020 ferro,

392 2050 557 2138 Saevaque
572 2052 608 2117 in
623 2051 784 2138 oppositos
795 2057 925 2138 pectora
938 2052 1021 2118 ferre
1043 2051 1138 2117 viros.

348 2161 481 2228 Fortius
495 2163 551 2228 ille
565 2167 672 2248 potest
687 2163 800 2242 multo,
813 2185 912 2249 quam
929 2167 1066 2249 pugnat,
1082 2177 1200 2228 amare.

392 2272 487 2339 Bella
498 2277 615 2359 gerant
630 2273 707 2339 alii:
731 2274 928 2340 Protesilaus
938 2277 1033 2340 amet

348 2384 448 2454 Nuno
461 2384 574 2465 fateor,
584 2385 673 2452 volui
687 2408 844 2465 revocare,
868 2385 1058 2470 animusque
1072 2385 1202 2452 ferebat.

392 2495 546 2563 Substitit
561 2497 697 2583 auspioii
710 2497 827 2584 lingua
841 2497 957 2562 timore
972 2497 1061 2562 mali.

349 2605 434 2673 Cum
447 2607 569 2674 foribus
584 2608 682 2675 velles
693 2609 735 2674 ud
750 2607 881 2674 Troiam
897 2609 984 2676 exire
998 2608 1151 2694 paternis,

392 2718 456 2786 Pes
470 2721 547 2784 tuus
562 2719 681 2786 offenso
695 2718 809 2786 limine
821 2719 916 2806 sigua
932 2719 1033 2786 dedit.

305 2930 352 2977 78.
370 2925 430 2978 Post
441 2926 467 2976 b.
479 2943 503 2978 v.
514 2927 542 2978 in
555 2927 669 2993 plurimis
686 2929 741 2980 libr.
760 2933 899 2994 sequuntur
916 2947 922 2977 ε
946 2929 977 2978 Ut
988 2929 1070 2989 rapiat
1081 2929 1168 2978 Parma·
1178 2942 1249 2992 quam
1263 2926 1338 2975 Pare
1349 2931 1404 2976 ante
1415 2926 1462 2975 aros

264 2991 353 3042 Irruat
362 2999 384 3042 et
393 3008 463 3040 eausa
473 3009 540 3054 quem
550 2996 624 3042 crinas
635 2997 716 3044 vineat
724 3001 747 3044 ot
757 2998 850 3044 armis:
867 2995 956 3044 desunt
963 2993 991 3043 in
998 2993 1018 3043 P
1026 2994 1056 3042 G.

316 3061 355 3106 77.
376 3057 478 3106 Tantum
489 3061 580 3107 voluere
591 3058 618 3108 P.

315 3123 354 3170 83.
371 3121 413 3171 Ita
424 3120 482 3183 PG,
495 3125 635 3184 quipupnat
646 3140 723 3171 ornere
732 3123 791 3173 libri
801 3122 910 3186 plurimi.

314 3189 353 3236 89.
371 3185 458 3236 Heius.
470 3187 532 3236 ooni
546 3194 573 3236 at
584 3189 636 3236 uidi
649 3194 674 3236 ut
681 3191 768 3251 paraui.

297 3468 337 3514 68.
355 3463 494 3527 Hectoras]
539 3462 578 3513 Of.
605 3463 649 3512 the
677 3461 840 3512 well-known
886 3460 1458 3530 ill-omenedwords(possiblywordsofreoall)

265 3529 426 3593 expressions,
449 3528 563 3578 ‘Caesari
582 3529 672 3576 multos
690 3526 783 3576 Marios
799 3527 839 3575 iu·
888 3531 913 3575 to
924 3525 977 3575 him
988 3541 1021 3575 ou
1039 3525 1080 3575 his
1092 3527 1330 3590 departuretorisit
1341 3527 1457 3580 Orestes:

264 3591 335 3652 esse,’
347 3593 415 3643 Suet.
425 3592 494 3643 Gaea
508 3596 529 3641 1.
543 3591 617 3641 ‘Sint
625 3593 780 3642 Maecenates
788 3606 840 3641 non
888 3590 982 3640 Herod.
1010 3589 1037 3640 ii.
1066 3593 1120 3651 124,
1158 3591 1260 3653 ταύτην
1288 3591 1379 3642 ἰδοῦσα
1407 3594 1459 3658 τὴν

265 3660 378 3718 deerunt,
401 3657 497 3716 Flaooe,
520 3655 652 3706 Marones.¹
690 3656 765 3706 Mart.
783 3656 838 3706 viii.
888 3656 947 3720 ὄφιν
970 3656 1083 3715 παντοίη
1110 3655 1210 3720 ἐγίνετο
1231 3658 1266 3720 μή
1288 3656 1459 3720 ἀποδημῆσαι

265 3728 305 3773 41.
888 3722 938 3771 τὸν
968 3721 1138 3783 Πολυκράτεα
1165 3723 1237 3785 παρὰ
1262 3723 1309 3772 τὸν
1331 3722 1457 3784 Ὀροίτεα,

298 3786 337 3840 77.
360 3787 444 3837 Vivere
451 3785 559 3850 pum]
587 3783 837 3850 ‘Struggletolive’
887 3786 930 3834 urat
948 3783 979 3846 δὴ
992 3787 1034 3835 καὶ
1047 3785 1134 3844 ἰόντος
1151 3786 1232 3835 αὐτοῦ
1244 3785 1288 3835 uu
1298 3789 1349 3846 τήν
1361 3805 1457 3848 πεντη-

265 3850 379 3914 ‘Pugno’
390 3849 412 3899 is
421 3849 489 3900 oflau
498 3850 586 3916 joined
596 3849 838 3899 withaninfinitive
887 3850 1165 3914 κοντερονέφημίζετο.
1198 3849 1227 3899 '0
1250 3849 1275 3899 dl
1296 3850 1319 3900 oi
1331 3852 1458 3913 ἠπείλησε

263 3916 292 3965 in
309 3914 511 3978 Ovid,meaning
528 3914 680 3979 tostruggle
694 3913 763 3962 hard.
798 3912 837 3964 cf.
887 3915 923 3974 ἣν
935 3918 985 3974 σῶς
998 3914 1172 3975 ἀπονοστὴση
1185 3916 1289 3965 πολλόν
1298 3934 1345 3980 μιν
1357 3917 1458 3979 χρόνον

264 3980 327 4030 Met.
345 3981 381 4028 ir.
400 3979 463 4040 ³613
480 3980 552 4028 Rem.
569 3983 623 4028 122.
651 3977 838 4041 ‘Repugno’is
887 3979 1099 4040 παρθενεύεσθαι.
1133 3979 1245 4028 Another
1259 3981 1390 4030 badomen
1406 3997 1458 4032 was

264 4045 325 4094 used
338 4043 402 4094 with
417 4059 450 4092 an
465 4043 511 4092 inf.
523 4044 551 4092 in
567 4043 610 4092 the
621 4044 732 4106 opposite
749 4057 835 4092 sense:
885 4047 912 4092 to
924 4043 1029 4094 stumble
1040 4048 1068 4093 at
1081 4043 1124 4093 the
1135 4042 1262 4092 threshold
1273 4044 1347 4095 when
1357 4044 1458 4109 leaving

264 4109 296 4160 of.
307 4107 368 4158 Her.
381 4108 442 4157 xvii.
456 4111 510 4166 137,
524 4111 622 4157 ‘amare
634 4106 760 4172 repugno?
884 4106 927 4156 the
938 4106 1022 4157 house.
1043 4107 1076 4158 So
1085 4109 1141 4156 Am.
1154 4107 1177 4156 Ι.
1189 4108 1233 4156 xii.
1247 4113 1269 4167 2,
1283 4108 1387 4158 ‘Omina
1398 4118 1458 4165 suut

298 4176 386 4222 85-89.
405 4171 441 4222 To
463 4172 511 4222 oall
534 4187 583 4237 any
598 4187 645 4221 one
666 4171 730 4221 back
746 4186 779 4220 on
794 4170 837 4220 the
884 4171 992 4235 aliquid:
1011 4174 1083 4222 modo
1094 4189 1171 4236 quum
1182 4172 1305 4222 &cedere
1316 4173 1398 4230 vellet.
1416 4175 1457 4224 Ad

263 4255 310 4288 eve
321 4239 349 4287 of
355 4238 484 4301 departure
495 4253 528 4286 ou
546 4253 562 4286 a
576 4237 684 4349 {purney
695 4251 746 4284 was
757 4235 837 4284 oonsi-
884 4235 959 4285 limen
967 4237 1057 4300 digitos
1064 4237 1304 4302 restititictaNape!
1323 4237 1457 4296 Laodamia

264 4301 573 4366 deredaverybsdomen
598 4300 640 4349 oth
648 4299 837 4364 amongGreehs
883 4299 1135 4351 heretriedtoarert
1155 4301 1199 4351 the
1218 4303 1266 4352 bed
1279 4318 1351 4353 omen
1370 4303 1404 4366 by
1415 4319 1455 4352 ao·

263 4368 313 4416 and
322 4369 438 4416 Romans.
471 4363 524 4414 The
531 4365 653 4429 daughter
663 4365 691 4414 of
696 4364 839 4428 Polycrates
883 4365 984 4430 septing
991 4366 1012 4414 it
1022 4381 1073 4416 ssa
1084 4367 1147 4430 good
1155 4367 1219 4432 sign.

263 4431 379 4481 incurred
386 4429 431 4480 her
439 4428 541 4480 isther's
548 4429 697 4493 displeasure
706 4429 740 4494 by
750 4429 839 4493 saying
