3226 5028
721 439 974 507 HEROIDES.

334 610 424 683 Quid
437 612 579 679 faeiem?
601 636 664 699 quo
679 614 747 679 sola
761 614 844 680 ferar
857 615 872 679 l
887 611 979 680 veeat
993 614 1100 679 insula
1115 614 1213 680 oultu.

376 723 456 790 Non
471 723 641 791 hominum
654 725 758 805 video,
774 749 839 791 non
855 748 915 812 ego
930 726 1014 791 faeta
1035 725 1144 791 boum.

334 832 438 900 Omne
452 837 538 902 latus
552 840 656 902 terrae
670 835 773 924 eingit
788 859 876 902 mere
890 860 897 902 ε
921 837 1033 902 navita
1048 858 1218 923 nusquam,

374 945 479 1012 Nulla
492 970 549 1033 per
563 947 733 1034 ambiguas
747 949 864 1034 puppis
878 948 965 1014 itura
980 948 1056 1014 vias.

333 1057 440 1144 Finge
455 1059 526 1123 dari
537 1059 731 1145 comitesque
746 1060 828 1124 mihi
844 1065 1019 1145 ventosque
1033 1063 1214 1143 ratemque,

375 1167 465 1240 Quid
479 1192 594 1255 sequar
609 1171 624 1235 l
668 1169 824 1237 Aooessus
837 1176 924 1237 terra
945 1175 1081 1257 paterna
1095 1193 1161 1256 neg
1181 1174 1204 1235 t.

332 1279 383 1345 Ut
397 1285 467 1346 rote
481 1281 567 1346 felioi
581 1286 696 1367 paoata
711 1306 767 1367 per
782 1305 921 1367 aequora
935 1281 1037 1361 labar,

376 1390 547 1478 Temperet
561 1399 598 1458 ut
613 1397 725 1458 ventos
739 1393 871 1472 Aeolus,
896 1394 972 1459 exul
987 1415 1050 1458 ero.

328 1501 406 1567 Non
422 1525 482 1589 ego
496 1508 539 1583 te,
555 1503 648 1569 Orote
663 1509 793 1569 eentum
808 1504 935 1590 digesta
949 1527 1007 1590 per
1022 1503 1126 1582 urbes,

374 1613 550 1699 Aspioiam,
566 1638 664 1699 puero
680 1616 810 1702 eognita
824 1620 910 1681 terra
925 1614 1009 1681 Iovi.

332 1723 382 1790 At
394 1729 487 1810 pater
501 1735 534 1791 et
547 1726 646 1792 tellus
659 1727 745 1792 iusto
760 1731 897 1812 regnata
910 1727 1038 1812 parenti

372 1836 505 1902 Prodita
518 1842 593 1902 sunt
608 1838 700 1912 fecto,
718 1838 851 1903 nomina
865 1860 946 1917 esra,
963 1860 1043 1910 meo,

332 1947 416 2012 Cum
428 1948 498 2028 tibi,
515 1972 555 2014 ne
570 1949 672 2014 vietor
687 1949 940 2014 teoto'morerere
955 1971 1097 2026 reeurvo,

375 2057 468 2129 Quae
481 2064 631 2146 regerent
645 2082 767 2146 passus,
783 2083 841 2146 pro
857 2061 938 2125 duee
955 2060 1011 2124 fila
1026 2059 1118 2124 dedi:

328 2170 412 2236 (lum
426 2171 508 2236 mihi
522 2171 649 2237 dioebes
665 2183 743 2258 ‘per
757 2195 817 2256 ego
830 2172 901 2256 ipsa
915 2171 1057 2257 perioula
1072 2171 1156 2249 iuro,

365 2280 413 2347 Te
427 2282 503 2362 fore,
519 2282 598 2347 dum
612 2287 758 2348 nostrum
769 2284 857 2348 vivet
871 2285 1015 2368 uterque,
1031 2282 1160 2347 meam!

329 2390 489 2474 Vivimus,
506 2399 539 2460 et
553 2417 618 2460 non
634 2418 716 2470 sum,
732 2394 868 2474 Theseu,
885 2399 962 2459 tua:
980 2392 1007 2459 si
1021 2393 1116 2458 modo
1127 2391 1208 2458 vivit

373 2502 511 2570 Femina
524 2505 646 2592 periuri
660 2506 773 2572 fraude
788 2505 915 2591 sepulte
930 2504 1002 2570 viri.

327 2613 383 2680 Me
398 2638 604 2728 quoquepqua
618 2618 761 2698 fratrem,
777 2620 958 2697 mandasses,
975 2612 1130 2700 improbe,
1152 2612 1253 2684 olava.

372 2725 582 2817 Esset3quam
597 2730 741 2809 dederes,
751 2732 855 2794 morte
867 2727 973 2792 soluta
987 2727 1077 2791 fides.

330 2835 505 2924 Nunoego
519 2862 585 2904 non
600 2843 730 2905 tantum
745 2862 827 2925 quae
842 2860 914 2903 sum
929 2859 1072 2923 passura,
1087 2835 1249 2914 recordor,

370 2949 436 3015 Sed
450 2972 669 3036 quaeoumque
684 2955 790 3036 potest
804 2950 872 3015 ulla
888 2949 1000 3014 relieta
1014 2947 1094 3034 pati.

327 3061 507 3127 Ooourrunt
522 3063 630 3127 animo
645 3062 801 3148 pereundi
815 3061 905 3126 mille
920 3060 1058 3145 figurae:

371 3172 524 3259 Morsque
539 3173 647 3238 minus
661 3194 783 3257 poenae
798 3193 896 3257 quam
909 3192 1000 3234 mora
1015 3167 1127 3233 mortis
1137 3165 1244 3232 hebet.

268 3346 324 3397 τ75.
349 3349 417 3399 Vivo
428 3351 479 3400 PG
491 3352 533 3402 M:
547 3353 635 3403 dubito
642 3369 706 3404 enne
717 3358 790 3404 rette.
809 3353 833 3402 N
834 3369 875 3401 am
881 3351 1004 3402 sententia
1012 3346 1133 3414 generalis
1140 3352 1177 3396 est
1183 3351 1214 3396 ut
1220 3346 1291 3395 dooet
1296 3360 1320 3393 v.
1326 3340 1444 3418 semina:

234 3416 260 3460 et
269 3413 375 3462 mutatio
388 3416 420 3465 ad
438 3419 572 3467 secundam
588 3434 718 3480 personam
731 3418 832 3467 librario
853 3417 928 3466 alicui
944 3417 1046 3465 debetur
1065 3414 1097 3462 ad
1114 3411 1209 3460 Thesea
1220 3410 1296 3460 verba
1315 3408 1442 3483 referenti.

236 3474 358 3541 Denique,
370 3480 484 3542 quamvis
503 3482 537 3535 sit
551 3483 757 3545 ἑμφατικωτέρον
773 3488 802 3532 ut
820 3481 856 3531 ait
873 3482 957 3530 Burm.
977 3479 1097 3540 seipsam
1118 3476 1242 3525 Ariadnen
1255 3473 1358 3538 alloqui,
1375 3471 1440 3522 tales

193 3557 195 3562 ·
235 3543 408 3593 translationes
419 3561 469 3595 non
480 3553 540 3596 sunt
552 3547 668 3597 Ouidiani
679 3549 760 3597 moris.
801 3549 868 3598 Vivit
879 3544 953 3594 multi
961 3545 1031 3594 oodd.
1044 3548 1070 3592 et
1080 3542 1135 3592 edd.
1145 3545 1208 3590 vett.

269 3820 308 3867 60.
326 3819 382 3867 Non
404 3818 524 3868 hominum
541 3821 607 3868 video
629 3835 675 3867 aaa
695 3834 734 3881 ayo
745 3819 818 3881 sacta
869 3817 920 3868 has.
944 3816 970 3864 in
998 3831 1043 3879 my
1071 3811 1179 3877 opinion,
1206 3810 1270 3886 beep
1295 3806 1443 3871 eompletely

235 3881 324 3944 boum]
359 3883 433 3933 Hom.
448 3883 493 3933 0d.
506 3901 530 3934 x.
544 3886 582 3942 98,
599 3883 685 3932 Ἔνθα
698 3884 746 3947 μὲν
757 3883 815 3931 οὔτε
868 3879 1070 3932 misunderstood.
1118 3876 1232 3926 ‘Pacato'
1254 3891 1278 3924 is
1295 3874 1365 3924 there
1382 3871 1443 3956 used

233 3947 305 4009 βοῶν
318 3947 371 3998 οὔτ’
384 3948 487 4013 ἀνδρῶν
496 3950 600 4010 φαίνετο
613 3949 683 4012 ἔργα.
867 3962 894 3994 as
910 3945 1065 4009 ‘tranquillo'
1079 3943 1147 3991 often
1165 3943 1212 3990 is:
1221 3943 1228 3967 ‘
1237 3955 1269 3989 on
1281 3955 1300 4014 a·
1308 3938 1372 3987 calm
1382 3951 1431 4012 sea.

266 4015 305 4062 62.
323 4013 457 4076 Amlipuos
468 4011 540 4078 vias]
577 4013 699 4062 ‘Perilous
711 4011 818 4075 pathsof
866 4010 892 4060 It
902 4011 925 4059 is
937 4009 1064 4074 generally
1070 4007 1180 4056 takonto
1189 4020 1260 4069 agree
1269 4003 1332 4053 with
1345 4000 1439 4062 ‘mrh1,'

231 4074 340 4128 thesea!
376 4079 536 4144 ‘Ambiguus’
550 4076 730 4135 and‘dubius,’
744 4092 813 4140 espe—
869 4074 955 4126 whieh
968 4074 1038 4138 gives
1049 4087 1109 4136 poor
1119 4085 1217 4144 sense..
1288 4133 1293 4144 Ι
1354 4130 1360 4142 ·
1423 4129 1428 4141 Ι

232 4141 307 4206 eially
326 4141 367 4192 the
388 4143 469 4203 letter,
489 4159 530 4194 are
550 4142 619 4191 often
640 4143 701 4191 used
722 4141 751 4190 of
768 4141 812 4190 the
896 4143 935 4192 73.
952 4138 1020 4202 Pcr.]
1055 4136 1116 4186 This
1128 4135 1195 4184 word
1209 4149 1237 4182 m
1254 4133 1407 4198 adjuratione
1420 4145 1444 4179 rs

231 4203 336 4269 dangers
347 4207 376 4256 of
383 4208 426 4257 the
437 4209 505 4271 deep.
547 4207 585 4256 cf.
596 4206 667 4256 xviii.
677 4209 716 4255 52.
734 4205 809 4255 Trist
860 4203 930 4254 often
941 4201 1136 4265 separatedfrom
1144 4201 1178 4248 its
1186 4214 1241 4248 ease
1252 4198 1461 4261 byepmnoum.

230 4265 252 4319 I.
265 4271 299 4318 xi
311 4274 355 4332 13;
373 4273 428 4321 Art.
437 4272 463 4321 ii.
476 4276 531 4334 514,
544 4272 593 4320 and
602 4271 701 4334 passim.
860 4267 979 4344 probably
990 4268 1017 4316 in
1027 4264 1152 4315 imitation
1167 4265 1196 4313 of
1204 4263 1247 4312 the
1262 4261 1356 4310 similar
1367 4274 1443 4340 psage

262 4337 301 4385 65.
324 4339 356 4386 Ul
371 4345 423 4386 rato
439 4339 512 4401 felici
533 4342 624 4397 pacata
641 4351 688 4397 per
708 4350 810 4396 aequora
859 4349 886 4382 m
902 4331 982 4381 Greek
998 4331 1061 4380 with
1080 4329 1168 4394 regard
1186 4333 1213 4377 to
1230 4330 1297 4401 spec
1316 4326 1396 4389 (προς
1414 4339 1441 4398 νε

229 4399 317 4464 laban]
360 4399 400 4451 cf.
418 4403 490 4464 Prop.
505 4401 548 4450 IV.
563 4401 625 4452 xvii.
639 4404 660 4458 2,
676 4399 730 4449 ‘Da
747 4398 809 4448 mihi
861 4399 990 4462 γονάτων,
1004 4396 1063 4458 eto).
1077 4393 1115 4444 (lt.
1124 4393 1194 4458 Virg.
1206 4391 1310 4442 Aenus.
1322 4393 1386 4450 314,
1399 4387 1442 4437 Tr-

226 4472 313 4524 paeato
324 4465 380 4515 vela
396 4467 503 4517 soounda
522 4466 648 4530 pater-tt
664 4463 716 4514 line
727 4463 810 4513 whioh
859 4461 920 4512 bull.
934 4461 955 4511 Ι.
966 4477 989 4511 v.
1003 4465 1024 4510 7.

1581 3503 1585 3544 l
