3214 5026
245 459 286 522 44
560 505 563 510 -
712 457 963 529 HEROIDES.

331 630 406 696 Hoc
420 635 597 698 tua-nam
611 635 922 720 recolo—quondam
938 655 1092 721 germana
1108 635 1253 716 canebat,

350 739 363 756 ⁸
374 737 427 802 Sic
441 738 523 803 mihi
538 739 662 805 diffusis
679 741 856 806 vaticinata
870 742 988 808 comis:

331 849 440 921 ‘Quid
453 851 540 931 facis,
557 850 716 918 Oenone?
740 852 828 924 Quid
844 876 958 919 arenae
973 854 1096 919 semina
1110 855 1271 919 mandas?

372 961 450 1028 Non
465 963 651 1049 profecturis
665 965 761 1030 litora
775 965 880 1030 bubus
895 987 974 1030 aras.

332 1072 431 1138 Graia
445 1072 580 1140 iuvenca
594 1076 693 1155 venit,
710 1098 792 1160 quae
806 1080 839 1142 te
854 1077 1056 1162 patriamque
1071 1077 1267 1162 domumque

374 1185 515 1251 Perdat!
539 1187 570 1252 io
585 1186 716 1273 prohibe
728 1189 735 1252 l
762 1187 860 1253 Graia
874 1187 1010 1254 iuvenca
1024 1189 1112 1254 venit
1127 1189 1135 1252 l

331 1296 422 1362 Dum
436 1297 520 1378 licet,
536 1298 704 1364 obscenam
718 1302 817 1384 ponto
833 1298 1008 1386 demergite
1023 1299 1159 1385 puppim
1172 1300 1180 1363 i

375 1401 463 1483 Heu,
478 1408 637 1488 quantum
651 1403 790 1491 Phrygii
805 1407 973 1492 sanguinis
986 1407 1044 1472 illa
1058 1407 1147 1473 vehit
1159 1407 1180 1472 l’

332 1508 479 1576 Dixerat.
521 1511 563 1576 In
580 1535 674 1577 cursu
688 1513 827 1578 famulae
841 1537 975 1600 rapuere
990 1505 1159 1581 furentem.

374 1617 423 1682 At
438 1618 518 1683 mihi
533 1619 687 1684 flaventes
702 1620 863 1706 diriguere
881 1645 998 1687 comae.

330 1729 406 1794 Ah!
432 1730 571 1796 nimium
586 1732 719 1797 miserae
734 1737 823 1798 vates
837 1733 919 1798 mihi
933 1757 1010 1798 vera
1022 1733 1123 1798 fuisti.

375 1842 530 1922 Possidet,
547 1866 596 1924 en,
613 1844 713 1908 saltus
728 1844 827 1910 Graia
841 1845 976 1910 iuvenca
989 1846 1095 1910 meosl

333 1953 384 2018 Sit
399 1954 477 2019 facie
493 1955 642 2041 quamvis
655 1955 803 2042 insignis,
820 1956 967 2021 adultera
982 1961 1065 2022 certe
1081 1961 1137 2022 est.

305 2083 307 2088 ’
375 2064 527 2130 Deseruit
542 2067 642 2132 socios
656 2051 782 2152 hospite
795 2072 888 2154 capta
903 2069 988 2133 deos.

333 2175 432 2242 Illam
448 2180 487 2242 de
502 2179 608 2264 patria
622 2179 882 2259 Theseus-nisi
897 2181 1028 2246 nomine
1043 2177 1181 2268 fallor-

378 2290 494 2357 Nescio
510 2292 582 2376 quis
597 2290 738 2356 Theseus
754 2291 887 2356 abstulit
903 2299 978 2357 ante
993 2315 1059 2356 sua.

330 2400 368 2469 A
382 2403 496 2467 iuvene
512 2408 544 2467 et
558 2402 674 2488 cupido
688 2404 836 2468 credatur
850 2402 978 2468 reddita
991 2403 1111 2489 virgo?

379 2511 479 2578 Unde
492 2513 553 2578 hoc
565 2514 772 2599 compererim
784 2519 853 2579 tam
867 2514 959 2595 bene,
976 2515 1101 2600 quaeris
1115 2516 1130 2579 Ρ
1174 2513 1272 2580 Amo.

334 2623 414 2691 Vim
428 2625 503 2690 licet
518 2626 667 2711 appelles,
683 2630 715 2690 et
730 2626 857 2711 culpam
871 2627 1001 2691 nomine
1016 2626 1119 2691 veles:
1217 2607 1226 2630 l

381 2735 472 2807 Quae
486 2737 582 2802 tot-ies
596 2740 689 2822 rapta
705 2741 763 2817 est,
778 2737 927 2823 praebuit
941 2738 1012 2826 ipsa
1026 2738 1106 2823 rapi.

334 2850 383 2914 At
398 2854 508 2915 manet
524 2849 654 2914 Oenone
668 2850 795 2915 fallenti
809 2855 896 2916 casta
910 2849 1047 2915 marito:

380 2963 426 3029 Et
441 2947 567 3048 poteras
582 2963 652 3027 t'alli
666 2961 792 3049 legibus
806 2962 874 3049 ipse
889 2965 964 3028 tuis.

300 3145 354 3190 115.
371 3142 410 3190 Ab
421 3142 468 3192 hoc
479 3159 503 3191 v.
515 3143 546 3191 ad
557 3143 590 3192 vi.
602 3146 632 3190 49
646 3142 672 3190 in
684 3142 705 3190 P
716 3144 811 3192 desunt.
1368 3157 1371 3164 “

300 3211 353 3255 119.
372 3209 658 3270 Dcmcryithdcmcrptte
665 3207 708 3256 alii
716 3210 742 3255 di
749 3210 846 3269 merqitr
853 3207 883 3256 al.
892 3206 1067 3271 quodHeinsio
1074 3204 1303 3268 placebatetvulgo
1310 3201 1444 3266 legebatur.

302 3275 354 3320 121.
373 3274 406 3320 Ia
418 3288 489 3321 cursu
501 3275 530 3321 G.
544 3273 663 3338 Micyllus
678 3273 776 3335 scripsit
787 3275 884 3320 incursu
895 3287 938 3335 pro
951 3279 957 3300 ⁸
968 3273 1086 3331 accursu‚’
1106 3269 1281 3320 ‘interventus'
1324 3268 1372 3317 Sed
1382 3267 1446 3315 nihil

250 3338 404 3386 mutandum.
476 3371 478 3375 ,

302 3406 355 3450 128.
373 3406 436 3450 Arte
447 3402 515 3452 codd.
527 3401 642 3452 nonnulli
653 3418 705 3450 arce
716 3402 747 3451 al.

251 3519 1447 3536 *m-——a—-n-——t-—fiff

287 3600 340 3660 113.
358 3597 459 3660 nescu]
478 3595 539 3646 This
547 3597 607 3646 verb
618 3597 732 3662 properly
740 3613 824 3647 means
874 3598 1052 3660 Agamemnon,
1071 3596 1154 3644 where
1177 3595 1312 3644 Cassandra
1329 3594 1351 3642 is
1368 3592 1446 3640 intro·

180 3674 182 3678 ’
251 3668 278 3710 to
293 3662 332 3709 till
347 3661 430 3710 follow
442 3661 515 3710 land:
533 3661 610 3710 hence
627 3662 648 3711 it
662 3665 684 3711 is
703 3679 717 3710 a
735 3663 823 3728 highly
874 3663 959 3724 duoed,
969 3661 1052 3710 which
1064 3660 1128 3709 Ovid
1139 3666 1206 3709 must
1224 3661 1288 3708 have
1300 3660 1390 3732 known
1399 3655 1448 3704 and

251 3727 356 3789 poetical
371 3726 512 3788 expression
525 3728 563 3776 for
579 3728 655 3790 going
672 3743 730 3776 over
741 3745 755 3776 a
766 3729 824 3776 sub·
874 3727 1035 3790 appreciated.
1063 3725 1142 3774 There
1154 3725 1290 3774 Cassandra
1301 3723 1392 3786 apphes
1405 3721 1447 3768 the

255 3795 302 3840 'eat
316 3792 343 3840 in
357 3793 424 3840 one's
439 3791 565 3853 thoughts.
600 3791 626 3840 It
642 3792 663 3840 is
676 3793 734 3841 used
751 3793 777 3841 in
792 3793 825 3841 its
874 3792 953 3841 simile
967 3793 995 3840 of
1007 3807 1021 3839 a
1040 3799 1045 3818 ¹
1052 3793 1167 3856 juvenca’
1185 3789 1410 3853 toClytemnestra
1421 3801 1446 3834 v.

249 3809 333 3905 literal
355 3871 424 3905 sensa
441 3856 468 3904 in
485 3856 528 3905 the
545 3857 605 3920 only
626 3858 697 3906 other
712 3857 780 3919 place
797 3857 824 3906 in
876 3859 946 3916 1004,
961 3858 1042 3918 ἄπεχε
1055 3859 1104 3914 τῆς
1115 3857 1178 3914 βοὸς
1191 3857 1237 3904 τὸν
1251 3851 1364 3916 ταῦρον)

253 3922 335 3970 which
346 3921 367 3970 it
377 3937 462 3969 occurs
473 3922 500 3968 in
512 3922 583 3980 Ovid
602 3922 661 3971 Met.
675 3938 698 3970 v.
714 3926 766 3974 147.
908 3925 962 3971 121.
980 3923 1012 3970 Ic
1031 3919 1124 4034 curauid
1140 3920 1187 3968 ‘ln
1205 3919 1248 3967 the
1265 3920 1340 3966 midst
1362 3915 1389 3964 of
1403 3914 1449 3990 her

288 3990 341 4035 114.
366 3989 419 4034 115.
443 3985 585 4034 Proverbial
610 3987 762 4049 expressions
787 3987 825 4036 for
874 3988 930 4035 mad
958 3985 1054 4036 career!
1126 3985 1216 4048 icyllus
1245 3983 1364 4046 proposed
1390 3983 1447 4027 ‘m-

252 4051 459 4115 wastinglabour.
470 4051 506 4100 Cf.
516 4051 584 4100 xviii.
598 4055 666 4110 139,⁴
679 4050 744 4106 Quid
754 4052 824 4100 bibu·
875 4055 964 4110 cursu,'
987 4050 1106 4114 ‘rushing
1120 4050 1147 4098 in
1167 4065 1235 4112 upon
1255 4048 1316 4096 her.’
1350 4046 1401 4094 But
1417 4047 1447 4092 cf.

253 4117 307 4164 lum
319 4132 395 4165 curvo
408 4117 561 4178 proscindere
573 4117 633 4165 litus
646 4122 726 4165 aratro
739 4116 825 4178 Spem·
876 4119 930 4175 203,
947 4115 1081 4164 ‘Cursibus
1100 4115 1127 4163 in
1142 4113 1230 4163 mediis
1241 4113 1359 4162 novitatis
1375 4110 1454 4190 plena,

150 4179 158 4196 ³
254 4197 302 4246 que
320 4183 389 4244 sequi
402 4197 474 4230 coner
492 4197 565 4245 quem
578 4182 705 4243 locusipse
724 4180 825 4245 negat’?
874 4181 995 4244 relinquis
1007 4180 1121 4229 Gaudia!

254 4246 306 4295 'ihc
317 4246 420 4308 proverb
431 4261 516 4295 occurs
532 4247 605 4295 twice
619 4248 646 4294 in
663 4246 771 4295 Juvenal
782 4246 825 4294 vii.
911 4249 963 4294 126.
982 4246 1059 4293 Socios
1076 4244 1148 4308 deca]
1168 4241 1235 4292 ‘The
1250 4243 1316 4292 Gods
1338 4242 1366 4294 of
1383 4255 1447 4313 mar-

254 4315 293 4368 ss,
307 4311 355 4359 and
366 4311 382 4358 i.
398 4312 450 4368 157,
463 4317 489 4359 to
505 4310 587 4360 which
599 4312 672 4360 latter
682 4327 783 4372 passage
793 4326 827 4360 nc
875 4311 960 4374 ringo!
996 4309 1042 4359 Sea
1053 4314 1110 4360 nota
1119 4325 1151 4358 on
1162 4307 1195 4356 iv.
1204 4310 1243 4356 62.
1277 4306 1326 4356 For
1339 4306 1449 4388 ‘hospite

254 4377 325 4425 other
335 4374 450 4438 meaning
459 4391 504 4424 can
515 4377 622 4439 possibly
632 4376 728 4439 belong.
747 4376 826 4425 These
876 4376 965 4438 capta’
976 4374 1007 4422 cf.
1021 4377 1059 4436 75,
1065 4389 1145 4438 supra,
1158 4374 1317 4436 ‘desertaque
1324 4387 1437 4434 coniuge.

254 4442 318 4490 lines
334 4455 375 4488 are
394 4439 541 4504 power-fully
560 4442 685 4498 dramatic,
705 4443 753 4490 and
771 4458 827 4504 pro·
911 4443 965 4489 131.
983 4438 1043 4488 This
1062 4439 1112 4488 line
1131 4439 1200 4487 bears
1217 4443 1261 4486 out
1275 4453 1318 4500 my
1329 4437 1448 4499 interpre-

255 4508 317 4556 duce
325 4521 357 4554 an
366 4504 437 4554 effect
447 4505 497 4555 like
506 4505 548 4555 thc
555 4508 632 4570 grand
639 4522 738 4571 passage
747 4506 774 4555 in
785 4506 827 4556 the
875 4508 955 4556 tation
965 4505 994 4553 of
1004 4508 1011 4532 ‘
1022 4513 1123 4568 cognato
1130 4502 1235 4552 nominc'
1245 4502 1272 4550 in
1282 4503 1314 4552 iv.
1330 4504 1381 4550 138.
