3226 5028
337 459 408 528 EP.
432 456 538 525 XHI.
560 453 816 524 LAODAMIA
838 451 1140 522 PROTESILAO.

253 633 381 703 Ventus
396 635 466 699 erat
480 631 592 698 nautis
606 634 712 716 aptus,
728 651 797 696 non
812 629 909 715 aptus
924 625 1047 692 amanti
1062 647 1069 690 :

298 745 412 812 Solvor
427 744 469 810 ab
483 742 651 829 amplexu,
662 740 849 820 Protesilao,
864 741 934 819 tuo,
991 815 998 834 .

257 856 453 944 Linguaque
468 853 654 921 mandantis
667 851 765 921 verba
778 851 964 937 imperfecta
978 849 1109 937 reliquit
1124 870 1131 913 :

246 1015 253 1030 .
302 967 372 1035 Vix
387 967 471 1032 illud
485 965 578 1052 potui
593 963 697 1030 dicere
711 962 804 1028 triste
819 962 902 1027 vele.

262 1076 418 1144 Incubuit
433 1077 564 1156 Boreas,
584 1074 780 1160 abreptaque
794 1073 868 1138 velc'
881 1071 1021 1138 tetendit
1033 1093 1041 1136 :

306 1188 444 1274 Iamque
458 1208 550 1253 meus
564 1187 662 1274 longe
678 1184 878 1250 Protesilaus
892 1187 973 1249 erat.

265 1298 356 1366 Dum
369 1298 462 1386 potui
476 1301 618 1384 spectare
633 1296 750 1376 virum,
760 1300 910 1380 spectare
924 1291 1059 1359 iuvabat
1075 1315 1082 1356 :

311 1411 455 1496 Sumque
469 1414 544 1475 tuos
559 1408 667 1474 1111111
681 1429 782 1492 usque
797 1409 907 1472 secuta
921 1404 1012 1472 meis.

266 1521 317 1588 Ut
332 1525 365 1588 te
378 1543 444 1587 non
458 1526 614 1607 poteram,
628 1522 774 1610 poteram
787 1521 847 1583 tua
860 1517 933 1582 vela
947 1516 1067 1594 videre,

311 1631 395 1701 Vela
410 1633 467 1698 diu
481 1631 591 1698 vultus
606 1630 773 1696 detinuere
788 1650 884 1694 meos.

268 1741 316 1809 At
329 1747 500 1830 postquam
514 1766 574 1809 neo
588 1746 631 1822 te,
646 1763 707 1807 neo
720 1741 792 1807 vele
806 1737 936 1826 fugacia
950 1736 1030 1817 vidi,

313 1853 359 1920 Et
375 1856 461 1940 quod
476 1857 662 1940 spectarem,
677 1851 727 1916 nil
742 1850 806 1916 nisi
820 1854 941 1935 pontus
956 1851 1035 1927 1111,

268 1963 344 2040 Lux
358 1988 485 2052 quoque
499 1969 607 2031 tecum
622 1964 712 2044 abiit,
727 1961 931 2046 tenebrisque
945 1958 1119 2046 exsanguis
1133 1954 1254 2024 obortis

314 2077 471 2143 Succiduo
487 2076 575 2142 dicor
590 2073 794 2161 procubuisse
809 2095 906 2160 genu.

271 2185 612 2272 Vixsocerlphiclus,
627 2185 750 2252 vixme
765 2185 969 2270 grandaevus
983 2179 1134 2259 Acastus,
1351 2176 1385 2224 ²⁵

311 2291 380 2360 Vix
394 2297 498 2358 mater
512 2291 621 2378 gelida
634 2294 758 2356 maesta
774 2288 885 2356 1111111
901 2310 996 2372 aqua.

274 2404 425 2471 Officium
439 2404 540 2470 fecere
554 2403 656 2488 pium,
672 2403 729 2468 sed
742 2401 860 2467 inutile
875 2398 980 2466 nohis.

315 2514 478 2602 Indignor
492 2513 626 2579 miserae
640 2535 707 2579 non
721 2512 849 2577 licuisse
863 2510 957 2576 mori.

271 2623 323 2692 Ut
337 2625 435 2692 rediit
449 2625 587 2705 animus,
602 2623 728 2710 pariter
743 2623 866 2689 rediere
882 2622 1021 2688 dolores.

315 2737 451 2803 Pectora
465 2737 631 2822 legitimus
646 2739 734 2801 11111
747 2734 922 2801 momordit
936 2755 1034 2798 amor.

273 2845 344 2914 Nec
357 2847 441 2912 mihi
453 2847 626 2933 pectendos
641 2869 718 2912 eura
732 2849 781 2912 est
794 2845 947 2931 praehere
962 2842 1103 2930 capillos,

316 2960 388 3027 Nec
401 2959 482 3027 libet
497 2964 611 3027 111111
626 2982 758 3045 corpora
772 2963 861 3025 veste
874 2957 955 3044 tegi.

274 3071 326 3137 Ut
340 3093 421 3157 quas
434 3071 608 3157 pampinea
622 3071 769 3156 tetigisse
784 3068 977 3155 Bicorniger
991 3065 1086 3132 hasta

318 3182 477 3263 Creditur,
494 3180 558 3248 huc
571 3181 659 3261 illuc,
675 3203 740 3267 qua
754 3181 843 3245 furor
857 3179 935 3265 egit,
951 3200 998 3244 eo.

287 3333 326 3379 13.
343 3331 486 3380 Manduria
496 3329 516 3378 P
526 3331 557 3391 G,
568 3332 689 3379 madalis
699 3329 773 3379 multi
780 3328 846 3389 libri,
857 3343 933 3392 quare
947 3326 1036 3377 Heius.
1045 3324 1127 3376 voluit
1138 3325 1284 3374 mndatrskc.

287 3398 326 3444 29.
349 3397 380 3446 Ut
391 3399 463 3446 rediit
475 3401 570 3445 animus
580 3395 602 3444 P
613 3403 684 3458 utque
696 3397 791 3444 animus
799 3395 872 3442 rediit
885 3393 914 3453 G,
926 3398 952 3442 et
964 3394 1034 3456 vulg.

225 3653 263 3698 15.
283 3650 415 3724 Incaluit]
457 3654 465 3680 ⁴
474 3650 604 3713 Proprium
613 3650 717 3700 verbum
734 3651 765 3700 de
813 3648 843 3699 11
852 3654 858 3678 ‘
868 3647 948 3698 rediit'
964 3649 985 3698 is
1000 3649 1150 3713 lengthened
1168 3650 1203 3714 hy
1220 3651 1264 3701 the
1279 3652 1390 3702 caesura!

189 3713 556 3765 vehementrflatuveutorum'
581 3714 716 3764 Ruhnken.
812 3728 896 3778 pause.
931 3713 992 3763 This
1002 3715 1111 3764 caesurnl
1121 3715 1283 3780 lengtheniug
1294 3715 1317 3765 is
1329 3731 1390 3767 verv

216 3780 263 3853 123,
277 3783 316 3827 24.
335 3779 403 3829 ‘The
422 3779 489 3843 light
510 3779 540 3829 11
558 3779 607 3843 day
626 3781 674 3828 fled
692 3778 766 3841 along
814 3793 926 3828 common
945 3779 970 3827 in
987 3777 1058 3830 Ouid.
1077 3779 1209 3844 especially
1227 3780 1256 3829 in
1272 3781 1315 3830 the
1335 3768 1389 3844 per'·

189 3841 251 3891 with
263 3858 320 3907 you,
334 3845 381 3892 and
393 3843 510 3892 darkness
519 3842 598 3906 rising
607 3847 634 3892 to
644 3860 688 3908 my
699 3859 765 3907 eyes,
813 3843 875 3892 fect-s
886 3843 914 3890 11
922 3844 1071 3905 compounds
1082 3845 1111 3892 of
1121 3850 1127 3872 ‘
1136 3861 1165 3894 eo
1174 3847 1191 3894 τ’
1208 3859 1248 3894 see
1259 3844 1390 3911 Ramsay’s
1402 3847 1405 3850 ’

188 3905 251 3969 they
272 3907 316 3955 tell
337 3907 449 3957 mathat
467 3907 480 3956 I
500 3907 544 3956 fell
567 3907 629 3956 with
646 3909 767 3970 tottering
814 3907 889 3956 Latin
898 3907 1016 3972 Prosody‚
1028 3923 1052 3969 p.
1067 3911 1121 3956 109.

188 3969 281 4020 kuscs!
317 3971 453 4022 ‘Obortisz’
472 3971 505 4021 11.
525 3971 646 4021 ‘lacrimis
667 3971 767 4021 obortis'
847 3973 886 4020 33.
906 3969 989 4021 cair.
1007 3972 1047 4030 47,
1068 3971 1280 4023 Ι1111111111111
1298 3972 1391 4024 Bacchi

188 4034 286 4096 passim.
321 4035 764 4098 *8111111111Μ11.11.456,“Ρ11-
814 4034 1111 4085 furiisnleleidesacae!
1144 4039 1296 4100 ‘Pampines
1309 4036 1390 4088 hasta'

188 4097 763 4163 11111111111131111111111111113-*111111ι’
813 4099 836 4148 11
846 4098 888 4149 the
904 4100 1005 4164 thyrsus
1016 4101 1125 4150 orweud
1140 4101 1169 4151 11
1178 4101 1295 4159 Bacchus,
1312 4101 1392 4152 called

189 4163 765 4238 1111151,1111111111111111111111111111
815 4167 932 4214 κισσινὸν
958 4163 1044 4226 βέλος,
1075 4164 1135 4213 Eur.
1162 4164 1252 4216 Bacch.
1271 4168 1318 4228 26;
1344 4167 1392 4217 but

188 4227 258 4276 111111
268 4227 310 4277 ille
321 4229 423 4290 remisit,
435 4228 533 4278 omnia)
815 4227 875 4278 here
896 4227 988 4291 spoken
1010 4229 1040 4277 11
1056 4243 1083 4278 as
1104 4230 1229 4280 cutwined
1247 4231 1311 4282 with
1331 4231 1394 4282 vine

223 4292 263 4340 25.
280 4292 406 4368 Acestae]
435 4292 525 4343 Father
535 4292 564 4342 11
571 4291 715 4342 Laodamia:
733 4291 766 4342 he
815 4292 898 4342 leaves
921 4292 1083 4356 (pampinus).
1129 4293 1163 4343 Sc
1187 4294 1249 4344 Met.
1273 4295 1309 4345 iii.
1335 4300 1390 4356 667,

190 4370 243 4404 vas
250 4370 299 4405 sou
309 4356 338 4406 11
351 4357 443 4417 Pelias,
459 4357 517 4406 who
528 4373 578 4407 was
591 4356 668 4406 killed
678 4357 713 4424 by
726 4356 766 4408 his
818 4355 974 4420 ‘Pampineis
985 4357 1063 4420 agitat
1081 4357 1187 4408 velatam
1195 4359 1323 4410 frondibus
1334 4360 1393 4410 has·

191 4419 325 4484 daughters
335 4421 443 4485 through
454 4422 658 4484 Medea'sdeoeit.
816 4425 883 4470 tam'
907 4422 961 4471 Vel.
984 4421 1063 4471 Flauo.
1083 4422 1110 4471 ii.
1131 4425 1186 4482 269,
1208 4423 1396 4488 *Ρ111111ι1111ε

226 4487 265 4534 29.
288 4487 319 4535 Ut
329 4489 402 4536 restit
412 4486 532 4560 russiana]¹
539 4485 592 4537 The
602 4487 651 4536 last
661 4486 765 4552 syllable
815 4501 862 4550 que
874 4488 954 4551 quatit
965 4485 1072 4537 ventosis
1084 4487 1174 4538 ictibus
1185 4487 1297 4540 hastam?
1321 4489 1392 4540 'Pro-
