3226 5028
464 459 535 528 nr.
559 457 624 526 rn.
649 453 837 542 causon
860 451 1100 525 uaesano.
1342 451 1384 522 es

266 631 405 721 Iamque
418 629 641 700 tumeseebant
655 629 763 698 vitiati
777 631 921 717 pondere
935 630 1068 708 ventris,

310 743 486 831 Aegraque
500 742 660 810 furtivum
674 740 820 808 membra
835 738 995 828 gravabat
1009 759 1101 806 onus.

266 856 358 930 Quas
371 853 453 921 mihi
467 875 534 920 non
548 850 674 934 herbas,
691 871 774 939 quae
788 873 855 918 non
869 847 1084 916 medicamina
1097 847 1212 916 nutrix

309 965 436 1033 Attulit
450 963 565 1032 sudaei
580 963 812 1050 supposuitque
827 983 938 1042 manu,

267 1077 320 1145 Ut
333 1041 463 1164 qienitns
477 1075 699 1142 nostris-hoo
713 1077 746 1141 te
761 1071 936 1140 oelavimus
950 1092 1098 1138 unum-
1231 1150 1235 1154 .

287 1242 290 1248 .
307 1184 494 1256 Visoeribns
507 1181 649 1254 ores'oens
663 1188 867 1253 exenteratur
882 1181 963 1251 onus
979 1183 987 1248 l

265 1298 342 1368 Ah!
366 1298 506 1365 nimium
520 1297 618 1364 vivax
633 1297 772 1364 admotis
786 1296 906 1364 restitit
920 1294 1029 1364 infans

315 1409 463 1491 Artibus,
478 1412 511 1476 et
525 1411 610 1476 teoto
624 1411 716 1476 tutus
730 1407 771 1474 ab
785 1407 877 1474 hoste
889 1406 963 1474 fuit.

265 1520 340 1589 Iam
353 1520 465 1589 novies
479 1523 548 1586 erat
562 1523 633 1586 orta
647 1541 735 1586 soror
749 1517 967 1607 puloherrima
983 1513 1116 1596 Phoebi,

306 1632 464 1720 Donaque
478 1629 626 1698 lueiferos
641 1629 739 1700 Luna
752 1629 903 1697 movebat
917 1649 1037 1716 equos:

265 1742 394 1836 Nesoia,
410 1765 493 1831 quae
506 1743 625 1810 feneret
639 1741 761 1808 subitos
775 1739 858 1808 mihi
872 1761 967 1807 oausa
982 1737 1116 1817 dolores,

308 1853 356 1920 Et
369 1853 460 1920 rudis
474 1855 517 1921 ad
531 1855 645 1940 partus
658 1855 692 1920 et
706 1873 793 1920 nova
807 1851 902 1918 miles
915 1871 1015 1918 eram.
1188 1836 1190 1838 ’

266 1965 338 2033 Neo
351 1965 443 2032 tenui
457 1987 577 2032 vonam.
623 1969 632 2002 ‘
646 1963 757 2044 Quid?
773 1962 830 2047 ait,
847 1966 927 2031 ‘tus
940 1961 1076 2028 erimina
1088 1957 1198 2048 prodis
1210 1957 1237 2028 P'

311 2075 441 2164 Oraque
455 2075 626 2143 olamantis
640 2075 767 2142 oonsois
780 2073 901 2162 pressit
915 2093 1006 2140 anus.

266 2186 357 2261 Quid
371 2188 489 2254 faniam
503 2186 644 2254 infelix?
666 2186 809 2274 gemitus
822 2185 914 2252 dolor
928 2185 1021 2251 edere
1036 2181 1134 2271 oogit‚

162 2293 164 2297 ’
310 2298 376 2365 Sed
388 2299 488 2365 timor
501 2300 535 2364 et
548 2297 662 2364 nutrix
677 2300 709 2365 et
724 2298 828 2384 pudor
842 2296 911 2383 ipse
925 2297 1048 2362 vetant
1145 2357 1149 2360 .

189 2438 191 2443 ·
266 2409 426 2476 Contineo
440 2407 582 2497 gemitus
597 2400 770 2496 elapsaque
781 2406 879 2476 verbs
893 2405 1051 2492 reprendo

310 2519 358 2588 Et
372 2541 470 2608 oogor
483 2518 635 2586 laorimas
648 2518 821 2587 oonbibere
835 2519 907 2606 ipsa
920 2539 1018 2584 meas.
1135 2513 1136 2516 ’

268 2631 360 2700 Mors
374 2632 444 2697 erat
458 2633 534 2697 ante
549 2630 667 2712 oeulos,
683 2634 716 2698 et
730 2652 824 2717 opem
839 2628 968 2696 Luoina
982 2623 1125 2713 negabat
1139 2649 1146 2692 :

308 2741 356 2807 Et
368 2763 478 2829 grave,
494 2741 523 2807 si
537 2762 689 2822 morerer,
705 2763 792 2837 rnors
807 2762 933 2829 quoqne
948 2738 1070 2806 orimsn
1085 2740 1175 2804 eret:

267 2853 352 2920 Oum
366 2873 462 2939 super
476 2851 666 2919 inonmbens
681 2853 778 2919 saissa
791 2851 966 2938 tunicaque
980 2869 1134 2936 oomaque

309 2963 425 3030 Pressa
438 2962 582 3030 refovisti
597 2968 726 3050 peotora
740 2966 850 3029 nostra
864 2961 941 3042 tuis,

267 3075 315 3142 Et
328 3074 411 3141 mihi
427 3075 542 3150 ‘Viva
560 3096 658 3156 soror,
670 3097 759 3142 soror
773 3098 792 3142 o
807 3072 993 3154 oarissims,’
1009 3071 1093 3152 sisti,

313 3185 416 3253 ‘Vive
430 3206 490 3282 nee
504 3184 604 3253 unius
617 3207 747 3272 eorpore
762 3186 860 3273 perde
875 3185 980 3252 duosl

267 3295 348 3384 Spes
360 3295 447 3363 bona
460 3297 516 3364 det
529 3295 623 3377 vires,
638 3297 731 3364 fratri
744 3318 823 3362 nam
836 3298 941 3382 nupta
954 3295 1064 3360 futura
1078 3315 1120 3361 es.

311 3407 417 3490 Illius,
428 3409 468 3475 de
483 3429 547 3496 quo
560 3411 674 3489 mater,
689 3411 723 3474 et
736 3429 820 3474 uxor
841 3404 925 3475 eris’

268 3516 411 3600 Mortua,
427 3519 519 3585 erede
533 3518 625 3600 mihi,
640 3522 750 3586 tamen
765 3519 807 3584 ad
820 3521 879 3585 tua
892 3515 991 3584 verba
1004 3514 1125 3583 revixi:

313 3624 361 3690 Et
373 3624 515 3711 positum
529 3628 579 3692 est
593 3626 679 3694 uteri
693 3625 814 3692 orimen
830 3645 973 3712 onusque
987 3622 1061 3690 mei.

271 3736 361 3810 Quid
374 3736 436 3805 tibi
450 3738 614 3826 gratarisP
628 3739 736 3806 media
750 3740 838 3806 sedet
851 3736 975 3804 Aeolus
988 3736 1064 3804 sula
1077 3759 1087 3802 ι

191 4029 194 4040 ¹
235 3970 275 4022 67.
293 3969 382 4023 Heius.
394 3972 465 4024 ooni:
484 3973 635 4024 tumeseebam
642 3975 753 4036 pondera

235 4039 275 4086 44.
296 4037 362 4087 Toeto
373 4037 401 4092 Ρ,
407 4040 471 4088 tertis
483 4038 506 4088 G
518 4045 590 4088 tectus
601 4045 668 4088 tutus
678 4037 747 4104 vulg.

235 4105 276 4151 46.
293 4103 408 4166 Namque
416 4101 445 4154 P.
478 4104 592 4166 Donaque
603 4104 633 4154 G.

235 4168 275 4215 63.
296 4166 476 4218 aaronem.
511 4167 578 4218 Gerr.
589 4167 676 4218 Aldus.

236 4233 276 4280 66.
294 4232 324 4282 si
333 4234 421 4282 morior
432 4232 509 4283 Gna
521 4248 569 4284 seo.
603 4233 632 4283 Si
643 4233 730 4283 morior
742 4231 772 4283 G.
788 4246 836 4285 ma.
855 4246 893 4296 pr.
913 4231 1014 4282 rimreor
1025 4229 1055 4294 P,
1072 4231 1095 4282 εἰ
1110 4246 1212 4282 morerer
1228 4231 1297 4296 vulg.
1318 4232 1385 4296 quod

187 4310 275 4346 rerum
287 4303 333 4346 est.

238 4361 278 4409 61.
296 4359 337 4411 Ita
348 4359 378 4412 G.
408 4359 476 4411 InP
497 4360 600 4428 antiqua
621 4360 744 4414 soriotura
766 4376 844 4414 erue.
878 4361 963 4412 &atri
979 4375 1002 4412 es
1018 4377 1075 4412 narn
1089 4367 1167 4424 nupta
1177 4361 1269 4426 susurra
1286 4359 1315 4422 P,
1336 4376 1386 4412 m.
