3226 5028
446 427 518 491 ΕΡ.
541 426 606 491 ΙΧ.
630 425 872 492 DEIANIRA
894 425 1122 492 HEROULI.

314 597 392 663 Non
411 600 505 678 tanti,
522 603 559 664 ut
572 603 684 665 tantus
700 599 907 685 conciperere,
923 599 996 665 fnit.

271 708 351 774 Plus
366 709 427 774 tibi
443 732 541 794 quam
555 709 650 789 Iuno,
667 710 778 775 nocuit
792 709 926 777 Venus:
949 710 1006 774 illa
1022 711 1196 795 premendo

313 819 462 900 Sustulit,
477 821 556 887 haec
570 821 687 886 humili
702 820 761 886 sub
776 823 857 906 pede
872 820 953 885 colla
967 824 1066 887 tenet.

274 931 411 1017 Respice
426 932 607 997 vindicibus
621 936 772 1018 pacatum
786 931 908 996 viribus
924 931 1046 1011 orbem,

315 1042 389 1113 Qua
402 1044 504 1110 latam
518 1043 645 1110 Nereus
659 1044 803 1108 caerulus
819 1042 920 1108 ambit
934 1043 1080 1108 humum.

272 1155 313 1220 Se
329 1154 390 1220 tihi
404 1177 470 1240 pax
484 1159 597 1235 terrae,
615 1155 674 1220 tibi
694 1177 726 1220 se
741 1158 814 1219 tnta
829 1177 967 1238 aequora
982 1153 1119 1220 dehent:

316 1267 467 1352 Implesti
481 1267 606 1331 meritis
621 1266 695 1330 solis
710 1270 880 1350 utramque
896 1267 1038 1330 domum.

273 1377 369 1448 Quod
383 1382 416 1442 te
430 1379 573 1442 laturum
588 1381 645 1456 est,
662 1377 786 1442 caelum
800 1377 890 1462 prius
904 1376 972 1461 ipse
988 1376 1114 1442 tulisti:

313 1489 457 1554 Hercule
471 1489 635 1574 supposito
652 1489 759 1553 sidera
774 1487 866 1552 fulsit
880 1486 991 1552 Atlas.

270 1599 359 1670 Quid
372 1601 435 1666 nisi
449 1579 567 1666 notitia
581 1603 628 1664 est
643 1599 759 1665 misero
774 1599 919 1684 quaesita
932 1599 1058 1683 pudori,

314 1707 350 1772 Si
364 1709 508 1773 cumulas
521 1708 612 1793 turpi
626 1708 711 1772 facta
728 1707 836 1792 priora
851 1706 957 1772 nota?

270 1817 359 1884 Tene
374 1820 482 1885 ferunt
497 1820 643 1906 geminos
657 1818 805 1904 pressisse
820 1819 975 1882 tenaciter
990 1839 1122 1903 angues,

293 2003 296 2018 Ι
320 1929 403 1995 Oum
418 1936 509 1996 tener
524 1931 560 1995 in
576 1932 668 1995 cunis
683 1931 748 1994 iam
764 1929 842 1994 Iove
859 1929 978 2015 dignus
994 1929 1091 1994 eras?

276 2038 418 2124 Coepisti
435 2041 560 2119 melius,
577 2062 676 2125 quam
692 2039 831 2104 desinis:
855 2038 972 2103 ultima
988 2038 1101 2123 primis

314 2149 443 2216 Cedunt
456 2175 463 2214 :
490 2149 661 2215 dissimiles
675 2149 728 2214 hic
742 2149 793 2214 vir
808 2153 840 2214 et
854 2149 910 2213 ille
925 2171 1014 2234 puer.
1064 2205 1067 2214 ,

163 2335 166 2346 ,
270 2259 376 2331 Quem
391 2283 458 2325 non
479 2261 568 2324 mille
588 2261 682 2339 ferae,
699 2282 796 2345 quem
811 2282 877 2324 non
893 2259 1096 2324 Stheneleius
1111 2259 1221 2339 hostis,

311 2373 389 2438 Non
405 2373 511 2458 potuit
526 2373 612 2437 Iuno
628 2373 763 2448 vincere,
780 2371 881 2436 vincit
896 2393 994 2436 amor.

269 2482 318 2549 At
334 2483 413 2548 bene
428 2487 532 2568 nupta
545 2485 638 2564 feror,
654 2484 730 2568 quia
744 2485 893 2548 nominer
904 2483 1060 2548 Herculis
1075 2507 1167 2563 uxor,

318 2593 432 2680 Sitque
447 2618 535 2660 socer
548 2593 669 2680 rapidis
684 2595 740 2680 qui
754 2597 847 2660 tonat
862 2595 946 2660 altus
961 2595 1060 2680 equis.

235 2748 273 2794 12.
291 2748 400 2796 Humilia
412 2746 442 2794 G.

236 2814 274 2859 15.
294 2810 466 2859 TotaPGM.
501 2809 588 2859 Heins.
602 2826 661 2859 corr.
674 2809 903 2873 tutaquodrecepi.
937 2809 993 2860 Vid.
1012 2811 1049 2860 ad.
1062 2811 1104 2862 vii.
1115 2811 1154 2872 71,
1164 2827 1246 2874 supra.

235 2878 272 2924 19.
291 2875 332 2924 lta
349 2875 369 2924 P
384 2878 443 2937 qaid
462 2876 634 2936 tibi-pudoris
646 2874 676 2923 G.
710 2875 867 2923 Burmannus
878 2875 986 2924 malebat
1005 2875 1068 2932 Quia
1085 2878 1134 2924 nisi
1151 2879 1258 2924 stultitia
1278 2882 1311 2924 cet
1334 2893 1385 2926 aero

215 2943 288 2988 casita
316 2943 392 2989 udori.

183 2956 214 3002 qu
233 3008 272 3053 20.
291 2957 379 3064 dim
396 3003 447 3053 PG
460 3003 494 3051 Μ.
530 3003 578 3053 Sed
589 3003 672 3052 nescio
683 3003 804 3066 quomodo
815 3002 929 3064 displicet
944 3006 960 3032 “
972 3011 1027 3053 nota
1049 3006 1151 3064 stupri.''
1199 3003 1233 3054 Et
1250 3009 1315 3055 certe
1331 3006 1384 3056 vim

189 3068 281 3118 hahent
293 3084 355 3132 quae
366 3068 463 3117 monuit
474 3067 653 3131 Heusingerus,
668 3070 674 3095 ‘
685 3083 736 3116 non
746 3073 883 3129 stupratam
895 3066 973 3128 Iolen,
996 3069 1038 3116 sed
1049 3068 1137 3131 iugum
1148 3069 1178 3117 ab
1191 3068 1245 3118 Iole
1255 3075 1384 3132 acceptum

187 3133 327 3182 Deianiram
340 3134 500 3194 exprobrare!
530 3132 622 3194 Recepi
635 3132 734 3182 Heinsii
746 3131 809 3180 coni.
824 3133 891 3192 turpi
902 3147 964 3195 quac
975 3133 1016 3180 vel
1027 3133 1096 3182 nulla
1110 3133 1151 3183 vel
1161 3133 1265 3183 minima
1277 3135 1383 3184 mutatio

190 3205 235 3247 est.
270 3199 299 3246 a·
309 3200 401 3246 marala
412 3200 493 3257 stupri
501 3203 570 3245 actae
581 3197 612 3246 al.
645 3196 832 3245 Simacalaaal.
867 3197 1177 3254 Stamene-actaea

219 3264 258 3316 27.
275 3264 390 3310 Nominor
412 3260 514 3310 PGM.
543 3263 611 3310 Corr.
627 3262 715 3311 Heius.
749 3263 865 3309 Nomina·
881 3259 990 3310 retinent
1001 3261 1099 3310 Jahnus
1116 3268 1142 3310 et
1159 3261 1289 3312 Loersius:
1309 3261 1385 3320 etiam

187 3327 292 3376 Amarus
304 3326 347 3389 qui
358 3333 436 3388 eatque
446 3342 543 3390 quoque
551 3327 578 3374 in
590 3327 704 3391 sequenti
714 3325 823 3388 protulit

221 3535 258 3580 10.
282 3531 419 3596 Pontica]
462 3532 530 3581 ‘One
552 3532 625 3596 night
643 3546 694 3578 was
715 3537 760 3579 not
809 3525 880 3579 these
901 3529 1082 3580 achicvements
1100 3532 1146 3582 but
1165 3531 1288 3596 notoriety
1307 3533 1386 3584 added

184 3597 244 3660 long
252 3597 350 3660 enough
361 3603 470 3662 t'oryour
480 3597 625 3660 begetting.’
648 3595 701 3644 The
715 3611 760 3643 no·
809 3600 836 3645 to
857 3609 921 3656 your
936 3593 1028 3656 chame,
1057 3596 1081 3645 if
1099 3612 1150 3660 you
1170 3597 1246 3646 finish
1267 3597 1304 3646 off
1322 3614 1387 3662 your

185 3661 238 3709 tion
246 3662 274 3709 of
279 3663 437 3726 equivalence
446 3662 467 3710 is
475 3660 702 3716 nothoweverlost,
712 3660 761 3708 and
810 3665 880 3723 great
910 3659 982 3708 deeds
1009 3660 1072 3710 with
1094 3662 1274 3723 adisgraoeful
1293 3663 1384 3712 stain?

185 3724 316 3785 therefore,
334 3725 422 3774 ‘tanti'
441 3727 463 3774 is
482 3724 525 3774 the
542 3741 630 3788 proper
650 3727 760 3788 reading,
813 3724 957 3780 ‘Quaesita’
978 3724 1062 3774 would
1083 3726 1208 3790 naturally
1230 3727 1260 3776 be
1273 3728 1386 3790 ‘quaesi-

187 3794 232 3840 not
250 3789 346 3850 ‘tanta'
367 3789 451 3840 which
471 3806 516 3839 can
529 3789 619 3854 hardly
636 3789 667 3838 be
687 3791 762 3841 'satis
811 3793 889 3850 tum;'
910 3792 956 3840 but
977 3789 1038 3838 itis
1060 3791 1179 3839 attracted
1206 3795 1232 3839 to
1263 3791 1385 3840 ‘notitia’

183 3854 274 3917 longa!
811 3854 1152 3916 ‘Pudori’isgovernedby‘
1165 3854 1292 3916 quaesita'
1320 3855 1385 3905 ‘Gu-

222 3921 260 3968 13.
282 3919 419 3968 Vindicibaa
434 3917 546 3982 viribus]
583 3919 667 3967 ‘Your
677 3919 760 3970 cham·
811 3919 920 3975 mulare.'
933 3923 984 3970 <to
995 3917 1051 3981 give
1063 3918 1105 3967 the
1116 3919 1235 3982 finishing
1245 3919 1321 3968 touch
1332 3925 1358 3968 to
1369 3921 1384 3968 :’

186 3983 246 4044 pion
262 3983 394 4046 strength)
435 3982 496 4032 Met.
517 3982 552 4031 ix.
568 3985 623 4042 241,
643 3983 761 4034 ‘timuere
813 3984 947 4034 ‘cumulus’
960 3985 981 4031 is
998 3982 1115 4046 properly
1125 3983 1168 4031 the
1185 3989 1227 4045 top
1238 3983 1267 4032 of
1280 4000 1295 4031 a
1305 3983 1384 4046 h.·ap;

188 4047 228 4096 dei
239 4063 282 4108 pro
293 4047 483 4096 vindiceterrae.
810 4046 837 4094 in
859 4063 989 4104 mensures,
1001 4047 1022 4094 it
1041 4048 1144 4096 denoted
1161 4047 1216 4096 that
1233 4046 1316 4096 which
1333 4063 1386 4097 was

221 4113 259 4160 16.
277 4113 338 4160 Solis
358 4117 483 4173 atramque
505 4111 621 4225 domumfl
634 4112 649 4162 i.
662 4129 683 4162 e.
700 4113 761 4163 both
811 4112 887 4178 given
898 4112 1013 4162 overand
1025 4111 1109 4161 above.
1150 4110 1208 4161 Vid.
1220 4111 1315 4171 Festus,
1329 4127 1348 4162 s.
1359 4129 1383 4162 v.

186 4180 239 4226 east
259 4177 307 4225 and
328 4180 398 4224 west.
442 4176 479 4225 cf.
507 4175 564 4224 Seu.
623 4193 669 4226 ero.
698 4178 757 4226 Fur.
811 4177 991 4228 ‘Auctarium'

187 4243 256 4289 1061.
282 4239 378 4289 ‘Novit
392 4244 575 4303 tuasutrasque
592 4241 694 4290 domus!
721 4242 759 4292 Id.
843 4247 882 4292 21.
903 4240 983 4306 Tana]
1017 4239 1155 4303 Emphatic.
1198 4241 1266 4290 ‘Are
1284 4256 1336 4305 you
1354 4240 1387 4292 he

188 4305 262 4354 Herc.
281 4303 335 4353 Oet.
355 4307 377 4361 3,
397 4303 523 4368 Utraeque
541 4305 635 4355 Phoebi
649 4307 759 4356 sentiunt
809 4309 838 4360 of
846 4307 928 4356 whom
937 4321 993 4355 men
1004 4321 1048 4368 say
1057 4307 1074 4354 θ’
1089 4305 1131 4353 dcc.

188 4369 397 4418 sulmeudomus!
844 4377 885 4422 27.
904 4371 983 4420 These
1007 4370 1064 4418 who
1082 4371 1140 4419 read
1159 4368 1293 4418 ‘nominor'
1317 4369 1384 4434 here,

222 4435 259 4481 19.
290 4433 384 4482 ‘What
405 4433 469 4483 have
490 4450 540 4498 you
566 4433 655 4498 gained
677 4435 711 4500 by
728 4436 761 4486 all
813 4437 927 4486 and‘sit’
937 4434 964 4484 in
973 4434 1017 4484 the
1027 4439 1088 4484 next
1098 4434 1155 4494 line,
1173 4439 1239 4485 must
1250 4451 1387 4498 supposea
